[gd_scene load_steps=4 format=2]

[ext_resource path="res://scripts/2d/hexa.gd" type="Script" id=1]
[ext_resource path="res://textures/hexa_256.png" type="Texture" id=2]
[ext_resource path="res://textures/hexa_ori_256.png" type="Texture" id=3]

[node name="hexa" type="Node2D"]
position = Vector2( 512, 300 )
script = ExtResource( 1 )
depth = 5
radius = 50.0
gap = 20.0
radius2 = 25.0

[node name="hexa_0|0" type="Sprite" parent="."]
scale = Vector2( 0.195312, 0.195312 )
texture = ExtResource( 2 )

[node name="hexa_1|0" type="Sprite" parent="."]
position = Vector2( 54.8205, 31.6506 )
scale = Vector2( 0.195312, 0.195312 )
texture = ExtResource( 2 )

[node name="hexa_1|1" type="Sprite" parent="."]
position = Vector2( 3.87609e-15, 63.3013 )
scale = Vector2( 0.195312, 0.195312 )
texture = ExtResource( 2 )

[node name="hexa_1|2" type="Sprite" parent="."]
position = Vector2( -54.8205, 31.6506 )
scale = Vector2( 0.195312, 0.195312 )
texture = ExtResource( 2 )

[node name="hexa_1|3" type="Sprite" parent="."]
position = Vector2( -54.8205, -31.6506 )
scale = Vector2( 0.195312, 0.195312 )
texture = ExtResource( 2 )

[node name="hexa_1|4" type="Sprite" parent="."]
position = Vector2( -1.16283e-14, -63.3013 )
scale = Vector2( 0.195312, 0.195312 )
texture = ExtResource( 2 )

[node name="hexa_1|5" type="Sprite" parent="."]
position = Vector2( 54.8205, -31.6506 )
scale = Vector2( 0.195312, 0.195312 )
texture = ExtResource( 2 )

[node name="hexa_2|0" type="Sprite" parent="."]
position = Vector2( 109.641, 63.3013 )
scale = Vector2( 0.195312, 0.195312 )
texture = ExtResource( 2 )

[node name="hexa_2|1" type="Sprite" parent="."]
position = Vector2( 54.8205, 94.9519 )
scale = Vector2( 0.195312, 0.195312 )
texture = ExtResource( 2 )

[node name="hexa_2|2" type="Sprite" parent="."]
position = Vector2( 7.75217e-15, 126.603 )
scale = Vector2( 0.195312, 0.195312 )
texture = ExtResource( 2 )

[node name="hexa_2|3" type="Sprite" parent="."]
position = Vector2( -54.8205, 94.9519 )
scale = Vector2( 0.195312, 0.195312 )
texture = ExtResource( 2 )

[node name="hexa_2|4" type="Sprite" parent="."]
position = Vector2( -109.641, 63.3013 )
scale = Vector2( 0.195312, 0.195312 )
texture = ExtResource( 2 )

[node name="hexa_2|5" type="Sprite" parent="."]
position = Vector2( -109.641, 0 )
scale = Vector2( 0.195312, 0.195312 )
texture = ExtResource( 2 )

[node name="hexa_2|6" type="Sprite" parent="."]
position = Vector2( -109.641, -63.3013 )
scale = Vector2( 0.195312, 0.195312 )
texture = ExtResource( 2 )

[node name="hexa_2|7" type="Sprite" parent="."]
position = Vector2( -54.8205, -94.9519 )
scale = Vector2( 0.195312, 0.195312 )
texture = ExtResource( 2 )

[node name="hexa_2|8" type="Sprite" parent="."]
position = Vector2( -2.32565e-14, -126.603 )
scale = Vector2( 0.195312, 0.195312 )
texture = ExtResource( 2 )

[node name="hexa_2|9" type="Sprite" parent="."]
position = Vector2( 54.8205, -94.9519 )
scale = Vector2( 0.195312, 0.195312 )
texture = ExtResource( 2 )

[node name="hexa_2|10" type="Sprite" parent="."]
position = Vector2( 109.641, -63.3013 )
scale = Vector2( 0.195312, 0.195312 )
texture = ExtResource( 2 )

[node name="hexa_2|11" type="Sprite" parent="."]
position = Vector2( 109.641, 0 )
scale = Vector2( 0.195312, 0.195312 )
texture = ExtResource( 2 )

[node name="hexa_3|0" type="Sprite" parent="."]
position = Vector2( 164.462, 94.9519 )
scale = Vector2( 0.195312, 0.195312 )
texture = ExtResource( 2 )

[node name="hexa_3|1" type="Sprite" parent="."]
position = Vector2( 109.641, 126.603 )
scale = Vector2( 0.195312, 0.195312 )
texture = ExtResource( 2 )

[node name="hexa_3|2" type="Sprite" parent="."]
position = Vector2( 54.8205, 158.253 )
scale = Vector2( 0.195312, 0.195312 )
texture = ExtResource( 2 )

[node name="hexa_3|3" type="Sprite" parent="."]
position = Vector2( 1.16283e-14, 189.904 )
scale = Vector2( 0.195312, 0.195312 )
texture = ExtResource( 2 )

[node name="hexa_3|4" type="Sprite" parent="."]
position = Vector2( -54.8205, 158.253 )
scale = Vector2( 0.195312, 0.195312 )
texture = ExtResource( 2 )

[node name="hexa_3|5" type="Sprite" parent="."]
position = Vector2( -109.641, 126.603 )
scale = Vector2( 0.195312, 0.195312 )
texture = ExtResource( 2 )

[node name="hexa_3|6" type="Sprite" parent="."]
position = Vector2( -164.462, 94.9519 )
scale = Vector2( 0.195312, 0.195312 )
texture = ExtResource( 2 )

[node name="hexa_3|7" type="Sprite" parent="."]
position = Vector2( -164.462, 31.6506 )
scale = Vector2( 0.195312, 0.195312 )
texture = ExtResource( 2 )

[node name="hexa_3|8" type="Sprite" parent="."]
position = Vector2( -164.462, -31.6506 )
scale = Vector2( 0.195312, 0.195312 )
texture = ExtResource( 2 )

[node name="hexa_3|9" type="Sprite" parent="."]
position = Vector2( -164.462, -94.9519 )
scale = Vector2( 0.195312, 0.195312 )
texture = ExtResource( 2 )

[node name="hexa_3|10" type="Sprite" parent="."]
position = Vector2( -109.641, -126.603 )
scale = Vector2( 0.195312, 0.195312 )
texture = ExtResource( 2 )

[node name="hexa_3|11" type="Sprite" parent="."]
position = Vector2( -54.8205, -158.253 )
scale = Vector2( 0.195312, 0.195312 )
texture = ExtResource( 2 )

[node name="hexa_3|12" type="Sprite" parent="."]
position = Vector2( -3.48848e-14, -189.904 )
scale = Vector2( 0.195312, 0.195312 )
texture = ExtResource( 2 )

[node name="hexa_3|13" type="Sprite" parent="."]
position = Vector2( 54.8205, -158.253 )
scale = Vector2( 0.195312, 0.195312 )
texture = ExtResource( 2 )

[node name="hexa_3|14" type="Sprite" parent="."]
position = Vector2( 109.641, -126.603 )
scale = Vector2( 0.195312, 0.195312 )
texture = ExtResource( 2 )

[node name="hexa_3|15" type="Sprite" parent="."]
position = Vector2( 164.462, -94.9519 )
scale = Vector2( 0.195312, 0.195312 )
texture = ExtResource( 2 )

[node name="hexa_3|16" type="Sprite" parent="."]
position = Vector2( 164.462, -31.6506 )
scale = Vector2( 0.195312, 0.195312 )
texture = ExtResource( 2 )

[node name="hexa_3|17" type="Sprite" parent="."]
position = Vector2( 164.462, 31.6506 )
scale = Vector2( 0.195312, 0.195312 )
texture = ExtResource( 2 )

[node name="hexa_4|0" type="Sprite" parent="."]
position = Vector2( 219.282, 126.603 )
scale = Vector2( 0.195312, 0.195312 )
texture = ExtResource( 2 )

[node name="hexa_4|1" type="Sprite" parent="."]
position = Vector2( 164.462, 158.253 )
scale = Vector2( 0.195312, 0.195312 )
texture = ExtResource( 2 )

[node name="hexa_4|2" type="Sprite" parent="."]
position = Vector2( 109.641, 189.904 )
scale = Vector2( 0.195312, 0.195312 )
texture = ExtResource( 2 )

[node name="hexa_4|3" type="Sprite" parent="."]
position = Vector2( 54.8205, 221.554 )
scale = Vector2( 0.195312, 0.195312 )
texture = ExtResource( 2 )

[node name="hexa_4|4" type="Sprite" parent="."]
position = Vector2( 1.55043e-14, 253.205 )
scale = Vector2( 0.195312, 0.195312 )
texture = ExtResource( 2 )

[node name="hexa_4|5" type="Sprite" parent="."]
position = Vector2( -54.8205, 221.554 )
scale = Vector2( 0.195312, 0.195312 )
texture = ExtResource( 2 )

[node name="hexa_4|6" type="Sprite" parent="."]
position = Vector2( -109.641, 189.904 )
scale = Vector2( 0.195312, 0.195312 )
texture = ExtResource( 2 )

[node name="hexa_4|7" type="Sprite" parent="."]
position = Vector2( -164.462, 158.253 )
scale = Vector2( 0.195312, 0.195312 )
texture = ExtResource( 2 )

[node name="hexa_4|8" type="Sprite" parent="."]
position = Vector2( -219.282, 126.603 )
scale = Vector2( 0.195312, 0.195312 )
texture = ExtResource( 2 )

[node name="hexa_4|9" type="Sprite" parent="."]
position = Vector2( -219.282, 63.3013 )
scale = Vector2( 0.195312, 0.195312 )
texture = ExtResource( 2 )

[node name="hexa_4|10" type="Sprite" parent="."]
position = Vector2( -219.282, 0 )
scale = Vector2( 0.195312, 0.195312 )
texture = ExtResource( 2 )

[node name="hexa_4|11" type="Sprite" parent="."]
position = Vector2( -219.282, -63.3013 )
scale = Vector2( 0.195312, 0.195312 )
texture = ExtResource( 2 )

[node name="hexa_4|12" type="Sprite" parent="."]
position = Vector2( -219.282, -126.603 )
scale = Vector2( 0.195312, 0.195312 )
texture = ExtResource( 2 )

[node name="hexa_4|13" type="Sprite" parent="."]
position = Vector2( -164.462, -158.253 )
scale = Vector2( 0.195312, 0.195312 )
texture = ExtResource( 2 )

[node name="hexa_4|14" type="Sprite" parent="."]
position = Vector2( -109.641, -189.904 )
scale = Vector2( 0.195312, 0.195312 )
texture = ExtResource( 2 )

[node name="hexa_4|15" type="Sprite" parent="."]
position = Vector2( -54.8205, -221.554 )
scale = Vector2( 0.195312, 0.195312 )
texture = ExtResource( 2 )

[node name="hexa_4|16" type="Sprite" parent="."]
position = Vector2( -4.6513e-14, -253.205 )
scale = Vector2( 0.195312, 0.195312 )
texture = ExtResource( 2 )

[node name="hexa_4|17" type="Sprite" parent="."]
position = Vector2( 54.8205, -221.554 )
scale = Vector2( 0.195312, 0.195312 )
texture = ExtResource( 2 )

[node name="hexa_4|18" type="Sprite" parent="."]
position = Vector2( 109.641, -189.904 )
scale = Vector2( 0.195312, 0.195312 )
texture = ExtResource( 2 )

[node name="hexa_4|19" type="Sprite" parent="."]
position = Vector2( 164.462, -158.253 )
scale = Vector2( 0.195312, 0.195312 )
texture = ExtResource( 2 )

[node name="hexa_4|20" type="Sprite" parent="."]
position = Vector2( 219.282, -126.603 )
scale = Vector2( 0.195312, 0.195312 )
texture = ExtResource( 2 )

[node name="hexa_4|21" type="Sprite" parent="."]
position = Vector2( 219.282, -63.3013 )
scale = Vector2( 0.195312, 0.195312 )
texture = ExtResource( 2 )

[node name="hexa_4|22" type="Sprite" parent="."]
position = Vector2( 219.282, 0 )
scale = Vector2( 0.195312, 0.195312 )
texture = ExtResource( 2 )

[node name="hexa_4|23" type="Sprite" parent="."]
position = Vector2( 219.282, 63.3013 )
scale = Vector2( 0.195312, 0.195312 )
texture = ExtResource( 2 )

[node name="hexa_5|0" type="Sprite" parent="."]
position = Vector2( 274.103, 158.253 )
scale = Vector2( 0.195312, 0.195312 )
texture = ExtResource( 2 )

[node name="hexa_5|1" type="Sprite" parent="."]
position = Vector2( 219.282, 189.904 )
scale = Vector2( 0.195312, 0.195312 )
texture = ExtResource( 2 )

[node name="hexa_5|2" type="Sprite" parent="."]
position = Vector2( 164.462, 221.554 )
scale = Vector2( 0.195312, 0.195312 )
texture = ExtResource( 2 )

[node name="hexa_5|3" type="Sprite" parent="."]
position = Vector2( 109.641, 253.205 )
scale = Vector2( 0.195312, 0.195312 )
texture = ExtResource( 2 )

[node name="hexa_5|4" type="Sprite" parent="."]
position = Vector2( 54.8205, 284.856 )
scale = Vector2( 0.195312, 0.195312 )
texture = ExtResource( 2 )

[node name="hexa_5|5" type="Sprite" parent="."]
position = Vector2( 1.93804e-14, 316.506 )
scale = Vector2( 0.195312, 0.195312 )
texture = ExtResource( 2 )

[node name="hexa_5|6" type="Sprite" parent="."]
position = Vector2( -54.8205, 284.856 )
scale = Vector2( 0.195312, 0.195312 )
texture = ExtResource( 2 )

[node name="hexa_5|7" type="Sprite" parent="."]
position = Vector2( -109.641, 253.205 )
scale = Vector2( 0.195312, 0.195312 )
texture = ExtResource( 2 )

[node name="hexa_5|8" type="Sprite" parent="."]
position = Vector2( -164.462, 221.554 )
scale = Vector2( 0.195312, 0.195312 )
texture = ExtResource( 2 )

[node name="hexa_5|9" type="Sprite" parent="."]
position = Vector2( -219.282, 189.904 )
scale = Vector2( 0.195312, 0.195312 )
texture = ExtResource( 2 )

[node name="hexa_5|10" type="Sprite" parent="."]
position = Vector2( -274.103, 158.253 )
scale = Vector2( 0.195312, 0.195312 )
texture = ExtResource( 2 )

[node name="hexa_5|11" type="Sprite" parent="."]
position = Vector2( -274.103, 94.9519 )
scale = Vector2( 0.195312, 0.195312 )
texture = ExtResource( 2 )

[node name="hexa_5|12" type="Sprite" parent="."]
position = Vector2( -274.103, 31.6506 )
scale = Vector2( 0.195312, 0.195312 )
texture = ExtResource( 2 )

[node name="hexa_5|13" type="Sprite" parent="."]
position = Vector2( -274.103, -31.6506 )
scale = Vector2( 0.195312, 0.195312 )
texture = ExtResource( 2 )

[node name="hexa_5|14" type="Sprite" parent="."]
position = Vector2( -274.103, -94.9519 )
scale = Vector2( 0.195312, 0.195312 )
texture = ExtResource( 2 )

[node name="hexa_5|15" type="Sprite" parent="."]
position = Vector2( -274.103, -158.253 )
scale = Vector2( 0.195312, 0.195312 )
texture = ExtResource( 2 )

[node name="hexa_5|16" type="Sprite" parent="."]
position = Vector2( -219.282, -189.904 )
scale = Vector2( 0.195312, 0.195312 )
texture = ExtResource( 2 )

[node name="hexa_5|17" type="Sprite" parent="."]
position = Vector2( -164.462, -221.554 )
scale = Vector2( 0.195312, 0.195312 )
texture = ExtResource( 2 )

[node name="hexa_5|18" type="Sprite" parent="."]
position = Vector2( -109.641, -253.205 )
scale = Vector2( 0.195312, 0.195312 )
texture = ExtResource( 2 )

[node name="hexa_5|19" type="Sprite" parent="."]
position = Vector2( -54.8205, -284.856 )
scale = Vector2( 0.195312, 0.195312 )
texture = ExtResource( 2 )

[node name="hexa_5|20" type="Sprite" parent="."]
position = Vector2( -5.81413e-14, -316.506 )
scale = Vector2( 0.195312, 0.195312 )
texture = ExtResource( 2 )

[node name="hexa_5|21" type="Sprite" parent="."]
position = Vector2( 54.8205, -284.856 )
scale = Vector2( 0.195312, 0.195312 )
texture = ExtResource( 2 )

[node name="hexa_5|22" type="Sprite" parent="."]
position = Vector2( 109.641, -253.205 )
scale = Vector2( 0.195312, 0.195312 )
texture = ExtResource( 2 )

[node name="hexa_5|23" type="Sprite" parent="."]
position = Vector2( 164.462, -221.554 )
scale = Vector2( 0.195312, 0.195312 )
texture = ExtResource( 2 )

[node name="hexa_5|24" type="Sprite" parent="."]
position = Vector2( 219.282, -189.904 )
scale = Vector2( 0.195312, 0.195312 )
texture = ExtResource( 2 )

[node name="hexa_5|25" type="Sprite" parent="."]
position = Vector2( 274.103, -158.253 )
scale = Vector2( 0.195312, 0.195312 )
texture = ExtResource( 2 )

[node name="hexa_5|26" type="Sprite" parent="."]
position = Vector2( 274.103, -94.9519 )
scale = Vector2( 0.195312, 0.195312 )
texture = ExtResource( 2 )

[node name="hexa_5|27" type="Sprite" parent="."]
position = Vector2( 274.103, -31.6506 )
scale = Vector2( 0.195312, 0.195312 )
texture = ExtResource( 2 )

[node name="hexa_5|28" type="Sprite" parent="."]
position = Vector2( 274.103, 31.6506 )
scale = Vector2( 0.195312, 0.195312 )
texture = ExtResource( 2 )

[node name="hexa_5|29" type="Sprite" parent="."]
position = Vector2( 274.103, 94.9519 )
scale = Vector2( 0.195312, 0.195312 )
texture = ExtResource( 2 )

[node name="slot_1" type="Sprite" parent="."]
modulate = Color( 1, 0, 0, 1 )
position = Vector2( 18.3942, 31.8598 )
scale = Vector2( 0.0976562, 0.0976562 )
texture = ExtResource( 3 )

[node name="slot_3" type="Sprite" parent="."]
modulate = Color( 1, 0, 0, 1 )
position = Vector2( -18.3942, 31.8598 )
rotation = 1.0472
scale = Vector2( 0.0976562, 0.0976562 )
texture = ExtResource( 3 )

[node name="slot_5" type="Sprite" parent="."]
modulate = Color( 1, 0, 0, 1 )
position = Vector2( -36.7885, 0 )
rotation = 2.0944
scale = Vector2( 0.0976562, 0.0976562 )
texture = ExtResource( 3 )

[node name="slot_7" type="Sprite" parent="."]
modulate = Color( 1, 0, 0, 1 )
position = Vector2( -18.3942, -31.8598 )
rotation = 3.14159
scale = Vector2( 0.0976562, 0.0976562 )
texture = ExtResource( 3 )

[node name="slot_9" type="Sprite" parent="."]
modulate = Color( 1, 0, 0, 1 )
position = Vector2( 18.3942, -31.8598 )
rotation = 4.18879
scale = Vector2( 0.0976562, 0.0976562 )
texture = ExtResource( 3 )

[node name="slot_11" type="Sprite" parent="."]
modulate = Color( 1, 0, 0, 1 )
position = Vector2( 36.7885, 0 )
rotation = 5.23599
scale = Vector2( 0.0976562, 0.0976562 )
texture = ExtResource( 3 )

[node name="slot_13" type="Sprite" parent="."]
modulate = Color( 1, 0, 0, 1 )
position = Vector2( 73.2147, 63.5104 )
scale = Vector2( 0.0976562, 0.0976562 )
texture = ExtResource( 3 )

[node name="slot_14" type="Sprite" parent="."]
modulate = Color( 1, 0, 0, 1 )
position = Vector2( 36.4263, 63.0921 )
rotation = 1.0472
scale = Vector2( 0.0976562, 0.0976562 )
texture = ExtResource( 3 )

[node name="slot_15" type="Sprite" parent="."]
modulate = Color( 1, 0, 0, 1 )
position = Vector2( 18.3942, 95.161 )
rotation = 2.0944
scale = Vector2( 0.0976562, 0.0976562 )
texture = ExtResource( 3 )

[node name="slot_17" type="Sprite" parent="."]
modulate = Color( 1, 0, 0, 1 )
position = Vector2( -18.3942, 95.161 )
rotation = 3.14159
scale = Vector2( 0.0976562, 0.0976562 )
texture = ExtResource( 3 )

[node name="slot_18" type="Sprite" parent="."]
modulate = Color( 1, 0, 0, 1 )
position = Vector2( -36.4263, 63.0921 )
rotation = 4.18879
scale = Vector2( 0.0976562, 0.0976562 )
texture = ExtResource( 3 )

[node name="slot_19" type="Sprite" parent="."]
modulate = Color( 1, 0, 0, 1 )
position = Vector2( -73.2147, 63.5104 )
rotation = 5.23599
scale = Vector2( 0.0976562, 0.0976562 )
texture = ExtResource( 3 )

[node name="slot_21" type="Sprite" parent="."]
modulate = Color( 1, 0, 0, 1 )
position = Vector2( -91.609, 31.6506 )
rotation = 6.28319
scale = Vector2( 0.0976562, 0.0976562 )
texture = ExtResource( 3 )

[node name="slot_22" type="Sprite" parent="."]
modulate = Color( 1, 0, 0, 1 )
position = Vector2( -72.8525, 0 )
rotation = 7.33038
scale = Vector2( 0.0976562, 0.0976562 )
texture = ExtResource( 3 )

[node name="slot_23" type="Sprite" parent="."]
modulate = Color( 1, 0, 0, 1 )
position = Vector2( -91.609, -31.6506 )
rotation = 8.37758
scale = Vector2( 0.0976562, 0.0976562 )
texture = ExtResource( 3 )

[node name="slot_25" type="Sprite" parent="."]
modulate = Color( 1, 0, 0, 1 )
position = Vector2( -73.2147, -63.5104 )
rotation = 9.42478
scale = Vector2( 0.0976562, 0.0976562 )
texture = ExtResource( 3 )

[node name="slot_26" type="Sprite" parent="."]
modulate = Color( 1, 0, 0, 1 )
position = Vector2( -36.4263, -63.0921 )
rotation = 10.472
scale = Vector2( 0.0976562, 0.0976562 )
texture = ExtResource( 3 )

[node name="slot_27" type="Sprite" parent="."]
modulate = Color( 1, 0, 0, 1 )
position = Vector2( -18.3942, -95.161 )
rotation = 11.5192
scale = Vector2( 0.0976562, 0.0976562 )
texture = ExtResource( 3 )

[node name="slot_29" type="Sprite" parent="."]
modulate = Color( 1, 0, 0, 1 )
position = Vector2( 18.3942, -95.161 )
rotation = 12.5664
scale = Vector2( 0.0976562, 0.0976562 )
texture = ExtResource( 3 )

[node name="slot_30" type="Sprite" parent="."]
modulate = Color( 1, 0, 0, 1 )
position = Vector2( 36.4263, -63.0921 )
rotation = 13.6136
scale = Vector2( 0.0976562, 0.0976562 )
texture = ExtResource( 3 )

[node name="slot_31" type="Sprite" parent="."]
modulate = Color( 1, 0, 0, 1 )
position = Vector2( 73.2147, -63.5104 )
rotation = 14.6608
scale = Vector2( 0.0976562, 0.0976562 )
texture = ExtResource( 3 )

[node name="slot_33" type="Sprite" parent="."]
modulate = Color( 1, 0, 0, 1 )
position = Vector2( 91.609, -31.6506 )
rotation = 15.708
scale = Vector2( 0.0976562, 0.0976562 )
texture = ExtResource( 3 )

[node name="slot_34" type="Sprite" parent="."]
modulate = Color( 1, 0, 0, 1 )
position = Vector2( 72.8525, 0 )
rotation = 16.7552
scale = Vector2( 0.0976562, 0.0976562 )
texture = ExtResource( 3 )

[node name="slot_35" type="Sprite" parent="."]
modulate = Color( 1, 0, 0, 1 )
position = Vector2( 91.609, 31.6506 )
rotation = 17.8024
scale = Vector2( 0.0976562, 0.0976562 )
texture = ExtResource( 3 )

[node name="slot_37" type="Sprite" parent="."]
modulate = Color( 1, 0, 0, 1 )
position = Vector2( 128.035, 95.161 )
scale = Vector2( 0.0976562, 0.0976562 )
texture = ExtResource( 3 )

[node name="slot_38" type="Sprite" parent="."]
modulate = Color( 1, 0, 0, 1 )
position = Vector2( 91.2468, 94.7428 )
rotation = 1.0472
scale = Vector2( 0.0976562, 0.0976562 )
texture = ExtResource( 3 )

[node name="slot_39" type="Sprite" parent="."]
modulate = Color( 1, 0, 0, 1 )
position = Vector2( 73.2147, 126.812 )
rotation = 2.0944
scale = Vector2( 0.0976562, 0.0976562 )
texture = ExtResource( 3 )

[node name="slot_40" type="Sprite" parent="."]
modulate = Color( 1, 0, 0, 1 )
position = Vector2( 36.4263, 126.393 )
rotation = 3.14159
scale = Vector2( 0.0976562, 0.0976562 )
texture = ExtResource( 3 )

[node name="slot_41" type="Sprite" parent="."]
modulate = Color( 1, 0, 0, 1 )
position = Vector2( 18.3942, 158.462 )
rotation = 4.18879
scale = Vector2( 0.0976562, 0.0976562 )
texture = ExtResource( 3 )

[node name="slot_43" type="Sprite" parent="."]
modulate = Color( 1, 0, 0, 1 )
position = Vector2( -18.3942, 158.462 )
rotation = 5.23599
scale = Vector2( 0.0976562, 0.0976562 )
texture = ExtResource( 3 )

[node name="slot_44" type="Sprite" parent="."]
modulate = Color( 1, 0, 0, 1 )
position = Vector2( -36.4263, 126.393 )
rotation = 6.28319
scale = Vector2( 0.0976562, 0.0976562 )
texture = ExtResource( 3 )

[node name="slot_45" type="Sprite" parent="."]
modulate = Color( 1, 0, 0, 1 )
position = Vector2( -73.2147, 126.812 )
rotation = 7.33038
scale = Vector2( 0.0976562, 0.0976562 )
texture = ExtResource( 3 )

[node name="slot_46" type="Sprite" parent="."]
modulate = Color( 1, 0, 0, 1 )
position = Vector2( -91.2468, 94.7428 )
rotation = 8.37758
scale = Vector2( 0.0976562, 0.0976562 )
texture = ExtResource( 3 )

[node name="slot_47" type="Sprite" parent="."]
modulate = Color( 1, 0, 0, 1 )
position = Vector2( -128.035, 95.161 )
rotation = 9.42478
scale = Vector2( 0.0976562, 0.0976562 )
texture = ExtResource( 3 )

[node name="slot_49" type="Sprite" parent="."]
modulate = Color( 1, 0, 0, 1 )
position = Vector2( -146.429, 63.3013 )
rotation = 10.472
scale = Vector2( 0.0976562, 0.0976562 )
texture = ExtResource( 3 )

[node name="slot_50" type="Sprite" parent="."]
modulate = Color( 1, 0, 0, 1 )
position = Vector2( -127.673, 31.6506 )
rotation = 11.5192
scale = Vector2( 0.0976562, 0.0976562 )
texture = ExtResource( 3 )

[node name="slot_51" type="Sprite" parent="."]
modulate = Color( 1, 0, 0, 1 )
position = Vector2( -146.429, 0 )
rotation = 12.5664
scale = Vector2( 0.0976562, 0.0976562 )
texture = ExtResource( 3 )

[node name="slot_52" type="Sprite" parent="."]
modulate = Color( 1, 0, 0, 1 )
position = Vector2( -127.673, -31.6506 )
rotation = 13.6136
scale = Vector2( 0.0976562, 0.0976562 )
texture = ExtResource( 3 )

[node name="slot_53" type="Sprite" parent="."]
modulate = Color( 1, 0, 0, 1 )
position = Vector2( -146.429, -63.3013 )
rotation = 14.6608
scale = Vector2( 0.0976562, 0.0976562 )
texture = ExtResource( 3 )

[node name="slot_55" type="Sprite" parent="."]
modulate = Color( 1, 0, 0, 1 )
position = Vector2( -128.035, -95.161 )
rotation = 15.708
scale = Vector2( 0.0976562, 0.0976562 )
texture = ExtResource( 3 )

[node name="slot_56" type="Sprite" parent="."]
modulate = Color( 1, 0, 0, 1 )
position = Vector2( -91.2468, -94.7428 )
rotation = 16.7552
scale = Vector2( 0.0976562, 0.0976562 )
texture = ExtResource( 3 )

[node name="slot_57" type="Sprite" parent="."]
modulate = Color( 1, 0, 0, 1 )
position = Vector2( -73.2147, -126.812 )
rotation = 17.8024
scale = Vector2( 0.0976562, 0.0976562 )
texture = ExtResource( 3 )

[node name="slot_58" type="Sprite" parent="."]
modulate = Color( 1, 0, 0, 1 )
position = Vector2( -36.4263, -126.393 )
rotation = 18.8496
scale = Vector2( 0.0976562, 0.0976562 )
texture = ExtResource( 3 )

[node name="slot_59" type="Sprite" parent="."]
modulate = Color( 1, 0, 0, 1 )
position = Vector2( -18.3942, -158.462 )
rotation = 19.8968
scale = Vector2( 0.0976562, 0.0976562 )
texture = ExtResource( 3 )

[node name="slot_61" type="Sprite" parent="."]
modulate = Color( 1, 0, 0, 1 )
position = Vector2( 18.3942, -158.462 )
rotation = 20.944
scale = Vector2( 0.0976562, 0.0976562 )
texture = ExtResource( 3 )

[node name="slot_62" type="Sprite" parent="."]
modulate = Color( 1, 0, 0, 1 )
position = Vector2( 36.4263, -126.393 )
rotation = 21.9911
scale = Vector2( 0.0976562, 0.0976562 )
texture = ExtResource( 3 )

[node name="slot_63" type="Sprite" parent="."]
modulate = Color( 1, 0, 0, 1 )
position = Vector2( 73.2147, -126.812 )
rotation = 23.0383
scale = Vector2( 0.0976562, 0.0976562 )
texture = ExtResource( 3 )

[node name="slot_64" type="Sprite" parent="."]
modulate = Color( 1, 0, 0, 1 )
position = Vector2( 91.2468, -94.7428 )
rotation = 24.0855
scale = Vector2( 0.0976562, 0.0976562 )
texture = ExtResource( 3 )

[node name="slot_65" type="Sprite" parent="."]
modulate = Color( 1, 0, 0, 1 )
position = Vector2( 128.035, -95.161 )
rotation = 25.1327
scale = Vector2( 0.0976562, 0.0976562 )
texture = ExtResource( 3 )

[node name="slot_67" type="Sprite" parent="."]
modulate = Color( 1, 0, 0, 1 )
position = Vector2( 146.429, -63.3013 )
rotation = 26.1799
scale = Vector2( 0.0976562, 0.0976562 )
texture = ExtResource( 3 )

[node name="slot_68" type="Sprite" parent="."]
modulate = Color( 1, 0, 0, 1 )
position = Vector2( 127.673, -31.6506 )
rotation = 27.2271
scale = Vector2( 0.0976562, 0.0976562 )
texture = ExtResource( 3 )

[node name="slot_69" type="Sprite" parent="."]
modulate = Color( 1, 0, 0, 1 )
position = Vector2( 146.429, 0 )
rotation = 28.2743
scale = Vector2( 0.0976562, 0.0976562 )
texture = ExtResource( 3 )

[node name="slot_70" type="Sprite" parent="."]
modulate = Color( 1, 0, 0, 1 )
position = Vector2( 127.673, 31.6506 )
rotation = 29.3215
scale = Vector2( 0.0976562, 0.0976562 )
texture = ExtResource( 3 )

[node name="slot_71" type="Sprite" parent="."]
modulate = Color( 1, 0, 0, 1 )
position = Vector2( 146.429, 63.3013 )
rotation = 30.3687
scale = Vector2( 0.0976562, 0.0976562 )
texture = ExtResource( 3 )

[node name="slot_73" type="Sprite" parent="."]
modulate = Color( 1, 0, 0, 1 )
position = Vector2( 182.856, 126.812 )
scale = Vector2( 0.0976562, 0.0976562 )
texture = ExtResource( 3 )

[node name="slot_74" type="Sprite" parent="."]
modulate = Color( 1, 0, 0, 1 )
position = Vector2( 146.067, 126.393 )
rotation = 1.0472
scale = Vector2( 0.0976562, 0.0976562 )
texture = ExtResource( 3 )

[node name="slot_75" type="Sprite" parent="."]
modulate = Color( 1, 0, 0, 1 )
position = Vector2( 128.035, 158.462 )
rotation = 2.0944
scale = Vector2( 0.0976562, 0.0976562 )
texture = ExtResource( 3 )

[node name="slot_76" type="Sprite" parent="."]
modulate = Color( 1, 0, 0, 1 )
position = Vector2( 91.2468, 158.044 )
rotation = 3.14159
scale = Vector2( 0.0976562, 0.0976562 )
texture = ExtResource( 3 )

[node name="slot_77" type="Sprite" parent="."]
modulate = Color( 1, 0, 0, 1 )
position = Vector2( 73.2148, 190.113 )
rotation = 4.18879
scale = Vector2( 0.0976562, 0.0976562 )
texture = ExtResource( 3 )

[node name="slot_78" type="Sprite" parent="."]
modulate = Color( 1, 0, 0, 1 )
position = Vector2( 36.4263, 189.695 )
rotation = 5.23599
scale = Vector2( 0.0976562, 0.0976562 )
texture = ExtResource( 3 )

[node name="slot_79" type="Sprite" parent="."]
modulate = Color( 1, 0, 0, 1 )
position = Vector2( 18.3942, 221.764 )
rotation = 6.28319
scale = Vector2( 0.0976562, 0.0976562 )
texture = ExtResource( 3 )

[node name="slot_81" type="Sprite" parent="."]
modulate = Color( 1, 0, 0, 1 )
position = Vector2( -18.3942, 221.764 )
rotation = 7.33038
scale = Vector2( 0.0976562, 0.0976562 )
texture = ExtResource( 3 )

[node name="slot_82" type="Sprite" parent="."]
modulate = Color( 1, 0, 0, 1 )
position = Vector2( -36.4263, 189.695 )
rotation = 8.37758
scale = Vector2( 0.0976562, 0.0976562 )
texture = ExtResource( 3 )

[node name="slot_83" type="Sprite" parent="."]
modulate = Color( 1, 0, 0, 1 )
position = Vector2( -73.2147, 190.113 )
rotation = 9.42478
scale = Vector2( 0.0976562, 0.0976562 )
texture = ExtResource( 3 )

[node name="slot_84" type="Sprite" parent="."]
modulate = Color( 1, 0, 0, 1 )
position = Vector2( -91.2468, 158.044 )
rotation = 10.472
scale = Vector2( 0.0976562, 0.0976562 )
texture = ExtResource( 3 )

[node name="slot_85" type="Sprite" parent="."]
modulate = Color( 1, 0, 0, 1 )
position = Vector2( -128.035, 158.462 )
rotation = 11.5192
scale = Vector2( 0.0976562, 0.0976562 )
texture = ExtResource( 3 )

[node name="slot_86" type="Sprite" parent="."]
modulate = Color( 1, 0, 0, 1 )
position = Vector2( -146.067, 126.393 )
rotation = 12.5664
scale = Vector2( 0.0976562, 0.0976562 )
texture = ExtResource( 3 )

[node name="slot_87" type="Sprite" parent="."]
modulate = Color( 1, 0, 0, 1 )
position = Vector2( -182.856, 126.812 )
rotation = 13.6136
scale = Vector2( 0.0976562, 0.0976562 )
texture = ExtResource( 3 )

[node name="slot_89" type="Sprite" parent="."]
modulate = Color( 1, 0, 0, 1 )
position = Vector2( -201.25, 94.9519 )
rotation = 14.6608
scale = Vector2( 0.0976562, 0.0976562 )
texture = ExtResource( 3 )

[node name="slot_90" type="Sprite" parent="."]
modulate = Color( 1, 0, 0, 1 )
position = Vector2( -182.494, 63.3013 )
rotation = 15.708
scale = Vector2( 0.0976562, 0.0976562 )
texture = ExtResource( 3 )

[node name="slot_91" type="Sprite" parent="."]
modulate = Color( 1, 0, 0, 1 )
position = Vector2( -201.25, 31.6506 )
rotation = 16.7552
scale = Vector2( 0.0976562, 0.0976562 )
texture = ExtResource( 3 )

[node name="slot_92" type="Sprite" parent="."]
modulate = Color( 1, 0, 0, 1 )
position = Vector2( -182.494, 0 )
rotation = 17.8024
scale = Vector2( 0.0976562, 0.0976562 )
texture = ExtResource( 3 )

[node name="slot_93" type="Sprite" parent="."]
modulate = Color( 1, 0, 0, 1 )
position = Vector2( -201.25, -31.6506 )
rotation = 18.8496
scale = Vector2( 0.0976562, 0.0976562 )
texture = ExtResource( 3 )

[node name="slot_94" type="Sprite" parent="."]
modulate = Color( 1, 0, 0, 1 )
position = Vector2( -182.494, -63.3013 )
rotation = 19.8968
scale = Vector2( 0.0976562, 0.0976562 )
texture = ExtResource( 3 )

[node name="slot_95" type="Sprite" parent="."]
modulate = Color( 1, 0, 0, 1 )
position = Vector2( -201.25, -94.9519 )
rotation = 20.944
scale = Vector2( 0.0976562, 0.0976562 )
texture = ExtResource( 3 )

[node name="slot_97" type="Sprite" parent="."]
modulate = Color( 1, 0, 0, 1 )
position = Vector2( -182.856, -126.812 )
rotation = 21.9911
scale = Vector2( 0.0976562, 0.0976562 )
texture = ExtResource( 3 )

[node name="slot_98" type="Sprite" parent="."]
modulate = Color( 1, 0, 0, 1 )
position = Vector2( -146.067, -126.393 )
rotation = 23.0383
scale = Vector2( 0.0976562, 0.0976562 )
texture = ExtResource( 3 )

[node name="slot_99" type="Sprite" parent="."]
modulate = Color( 1, 0, 0, 1 )
position = Vector2( -128.035, -158.462 )
rotation = 24.0855
scale = Vector2( 0.0976562, 0.0976562 )
texture = ExtResource( 3 )

[node name="slot_100" type="Sprite" parent="."]
modulate = Color( 1, 0, 0, 1 )
position = Vector2( -91.2468, -158.044 )
rotation = 25.1327
scale = Vector2( 0.0976562, 0.0976562 )
texture = ExtResource( 3 )

[node name="slot_101" type="Sprite" parent="."]
modulate = Color( 1, 0, 0, 1 )
position = Vector2( -73.2148, -190.113 )
rotation = 26.1799
scale = Vector2( 0.0976562, 0.0976562 )
texture = ExtResource( 3 )

[node name="slot_102" type="Sprite" parent="."]
modulate = Color( 1, 0, 0, 1 )
position = Vector2( -36.4263, -189.695 )
rotation = 27.2271
scale = Vector2( 0.0976562, 0.0976562 )
texture = ExtResource( 3 )

[node name="slot_103" type="Sprite" parent="."]
modulate = Color( 1, 0, 0, 1 )
position = Vector2( -18.3942, -221.764 )
rotation = 28.2743
scale = Vector2( 0.0976562, 0.0976562 )
texture = ExtResource( 3 )

[node name="slot_105" type="Sprite" parent="."]
modulate = Color( 1, 0, 0, 1 )
position = Vector2( 18.3942, -221.764 )
rotation = 29.3215
scale = Vector2( 0.0976562, 0.0976562 )
texture = ExtResource( 3 )

[node name="slot_106" type="Sprite" parent="."]
modulate = Color( 1, 0, 0, 1 )
position = Vector2( 36.4263, -189.695 )
rotation = 30.3687
scale = Vector2( 0.0976562, 0.0976562 )
texture = ExtResource( 3 )

[node name="slot_107" type="Sprite" parent="."]
modulate = Color( 1, 0, 0, 1 )
position = Vector2( 73.2147, -190.113 )
rotation = 31.4159
scale = Vector2( 0.0976562, 0.0976562 )
texture = ExtResource( 3 )

[node name="slot_108" type="Sprite" parent="."]
modulate = Color( 1, 0, 0, 1 )
position = Vector2( 91.2468, -158.044 )
rotation = 32.4631
scale = Vector2( 0.0976562, 0.0976562 )
texture = ExtResource( 3 )

[node name="slot_109" type="Sprite" parent="."]
modulate = Color( 1, 0, 0, 1 )
position = Vector2( 128.035, -158.462 )
rotation = 33.5103
scale = Vector2( 0.0976562, 0.0976562 )
texture = ExtResource( 3 )

[node name="slot_110" type="Sprite" parent="."]
modulate = Color( 1, 0, 0, 1 )
position = Vector2( 146.067, -126.393 )
rotation = 34.5575
scale = Vector2( 0.0976562, 0.0976562 )
texture = ExtResource( 3 )

[node name="slot_111" type="Sprite" parent="."]
modulate = Color( 1, 0, 0, 1 )
position = Vector2( 182.856, -126.812 )
rotation = 35.6047
scale = Vector2( 0.0976562, 0.0976562 )
texture = ExtResource( 3 )

[node name="slot_113" type="Sprite" parent="."]
modulate = Color( 1, 0, 0, 1 )
position = Vector2( 201.25, -94.9519 )
rotation = 36.6519
scale = Vector2( 0.0976562, 0.0976562 )
texture = ExtResource( 3 )

[node name="slot_114" type="Sprite" parent="."]
modulate = Color( 1, 0, 0, 1 )
position = Vector2( 182.494, -63.3013 )
rotation = 37.6991
scale = Vector2( 0.0976562, 0.0976562 )
texture = ExtResource( 3 )

[node name="slot_115" type="Sprite" parent="."]
modulate = Color( 1, 0, 0, 1 )
position = Vector2( 201.25, -31.6506 )
rotation = 38.7463
scale = Vector2( 0.0976562, 0.0976562 )
texture = ExtResource( 3 )

[node name="slot_116" type="Sprite" parent="."]
modulate = Color( 1, 0, 0, 1 )
position = Vector2( 182.494, 0 )
rotation = 39.7935
scale = Vector2( 0.0976562, 0.0976562 )
texture = ExtResource( 3 )

[node name="slot_117" type="Sprite" parent="."]
modulate = Color( 1, 0, 0, 1 )
position = Vector2( 201.25, 31.6506 )
rotation = 40.8407
scale = Vector2( 0.0976562, 0.0976562 )
texture = ExtResource( 3 )

[node name="slot_118" type="Sprite" parent="."]
modulate = Color( 1, 0, 0, 1 )
position = Vector2( 182.494, 63.3013 )
rotation = 41.8879
scale = Vector2( 0.0976562, 0.0976562 )
texture = ExtResource( 3 )

[node name="slot_119" type="Sprite" parent="."]
modulate = Color( 1, 0, 0, 1 )
position = Vector2( 201.25, 94.9519 )
rotation = 42.9351
scale = Vector2( 0.0976562, 0.0976562 )
texture = ExtResource( 3 )

[node name="slot_121" type="Sprite" parent="."]
modulate = Color( 1, 0, 0, 1 )
position = Vector2( 237.676, 158.462 )
scale = Vector2( 0.0976562, 0.0976562 )
texture = ExtResource( 3 )

[node name="slot_122" type="Sprite" parent="."]
modulate = Color( 1, 0, 0, 1 )
position = Vector2( 200.888, 158.044 )
rotation = 1.0472
scale = Vector2( 0.0976562, 0.0976562 )
texture = ExtResource( 3 )

[node name="slot_123" type="Sprite" parent="."]
modulate = Color( 1, 0, 0, 1 )
position = Vector2( 182.856, 190.113 )
rotation = 2.0944
scale = Vector2( 0.0976562, 0.0976562 )
texture = ExtResource( 3 )

[node name="slot_124" type="Sprite" parent="."]
modulate = Color( 1, 0, 0, 1 )
position = Vector2( 146.067, 189.695 )
rotation = 3.14159
scale = Vector2( 0.0976562, 0.0976562 )
texture = ExtResource( 3 )

[node name="slot_125" type="Sprite" parent="."]
modulate = Color( 1, 0, 0, 1 )
position = Vector2( 128.035, 221.764 )
rotation = 4.18879
scale = Vector2( 0.0976562, 0.0976562 )
texture = ExtResource( 3 )

[node name="slot_126" type="Sprite" parent="."]
modulate = Color( 1, 0, 0, 1 )
position = Vector2( 91.2468, 221.345 )
rotation = 5.23599
scale = Vector2( 0.0976562, 0.0976562 )
texture = ExtResource( 3 )

[node name="slot_127" type="Sprite" parent="."]
modulate = Color( 1, 0, 0, 1 )
position = Vector2( 73.2147, 253.414 )
rotation = 6.28319
scale = Vector2( 0.0976562, 0.0976562 )
texture = ExtResource( 3 )

[node name="slot_128" type="Sprite" parent="."]
modulate = Color( 1, 0, 0, 1 )
position = Vector2( 36.4263, 252.996 )
rotation = 7.33038
scale = Vector2( 0.0976562, 0.0976562 )
texture = ExtResource( 3 )

[node name="slot_129" type="Sprite" parent="."]
modulate = Color( 1, 0, 0, 1 )
position = Vector2( 18.3942, 285.065 )
rotation = 8.37758
scale = Vector2( 0.0976562, 0.0976562 )
texture = ExtResource( 3 )

[node name="slot_131" type="Sprite" parent="."]
modulate = Color( 1, 0, 0, 1 )
position = Vector2( -18.3942, 285.065 )
rotation = 9.42478
scale = Vector2( 0.0976562, 0.0976562 )
texture = ExtResource( 3 )

[node name="slot_132" type="Sprite" parent="."]
modulate = Color( 1, 0, 0, 1 )
position = Vector2( -36.4263, 252.996 )
rotation = 10.472
scale = Vector2( 0.0976562, 0.0976562 )
texture = ExtResource( 3 )

[node name="slot_133" type="Sprite" parent="."]
modulate = Color( 1, 0, 0, 1 )
position = Vector2( -73.2147, 253.414 )
rotation = 11.5192
scale = Vector2( 0.0976562, 0.0976562 )
texture = ExtResource( 3 )

[node name="slot_134" type="Sprite" parent="."]
modulate = Color( 1, 0, 0, 1 )
position = Vector2( -91.2468, 221.345 )
rotation = 12.5664
scale = Vector2( 0.0976562, 0.0976562 )
texture = ExtResource( 3 )

[node name="slot_135" type="Sprite" parent="."]
modulate = Color( 1, 0, 0, 1 )
position = Vector2( -128.035, 221.764 )
rotation = 13.6136
scale = Vector2( 0.0976562, 0.0976562 )
texture = ExtResource( 3 )

[node name="slot_136" type="Sprite" parent="."]
modulate = Color( 1, 0, 0, 1 )
position = Vector2( -146.067, 189.695 )
rotation = 14.6608
scale = Vector2( 0.0976562, 0.0976562 )
texture = ExtResource( 3 )

[node name="slot_137" type="Sprite" parent="."]
modulate = Color( 1, 0, 0, 1 )
position = Vector2( -182.856, 190.113 )
rotation = 15.708
scale = Vector2( 0.0976562, 0.0976562 )
texture = ExtResource( 3 )

[node name="slot_138" type="Sprite" parent="."]
modulate = Color( 1, 0, 0, 1 )
position = Vector2( -200.888, 158.044 )
rotation = 16.7552
scale = Vector2( 0.0976562, 0.0976562 )
texture = ExtResource( 3 )

[node name="slot_139" type="Sprite" parent="."]
modulate = Color( 1, 0, 0, 1 )
position = Vector2( -237.676, 158.462 )
rotation = 17.8024
scale = Vector2( 0.0976562, 0.0976562 )
texture = ExtResource( 3 )

[node name="slot_141" type="Sprite" parent="."]
modulate = Color( 1, 0, 0, 1 )
position = Vector2( -256.07, 126.603 )
rotation = 18.8496
scale = Vector2( 0.0976562, 0.0976562 )
texture = ExtResource( 3 )

[node name="slot_142" type="Sprite" parent="."]
modulate = Color( 1, 0, 0, 1 )
position = Vector2( -237.314, 94.9519 )
rotation = 19.8968
scale = Vector2( 0.0976562, 0.0976562 )
texture = ExtResource( 3 )

[node name="slot_143" type="Sprite" parent="."]
modulate = Color( 1, 0, 0, 1 )
position = Vector2( -256.07, 63.3013 )
rotation = 20.944
scale = Vector2( 0.0976562, 0.0976562 )
texture = ExtResource( 3 )

[node name="slot_144" type="Sprite" parent="."]
modulate = Color( 1, 0, 0, 1 )
position = Vector2( -237.314, 31.6506 )
rotation = 21.9911
scale = Vector2( 0.0976562, 0.0976562 )
texture = ExtResource( 3 )

[node name="slot_145" type="Sprite" parent="."]
modulate = Color( 1, 0, 0, 1 )
position = Vector2( -256.07, 0 )
rotation = 23.0383
scale = Vector2( 0.0976562, 0.0976562 )
texture = ExtResource( 3 )

[node name="slot_146" type="Sprite" parent="."]
modulate = Color( 1, 0, 0, 1 )
position = Vector2( -237.314, -31.6506 )
rotation = 24.0855
scale = Vector2( 0.0976562, 0.0976562 )
texture = ExtResource( 3 )

[node name="slot_147" type="Sprite" parent="."]
modulate = Color( 1, 0, 0, 1 )
position = Vector2( -256.07, -63.3013 )
rotation = 25.1327
scale = Vector2( 0.0976562, 0.0976562 )
texture = ExtResource( 3 )

[node name="slot_148" type="Sprite" parent="."]
modulate = Color( 1, 0, 0, 1 )
position = Vector2( -237.314, -94.9519 )
rotation = 26.1799
scale = Vector2( 0.0976562, 0.0976562 )
texture = ExtResource( 3 )

[node name="slot_149" type="Sprite" parent="."]
modulate = Color( 1, 0, 0, 1 )
position = Vector2( -256.07, -126.603 )
rotation = 27.2271
scale = Vector2( 0.0976562, 0.0976562 )
texture = ExtResource( 3 )

[node name="slot_151" type="Sprite" parent="."]
modulate = Color( 1, 0, 0, 1 )
position = Vector2( -237.676, -158.462 )
rotation = 28.2743
scale = Vector2( 0.0976562, 0.0976562 )
texture = ExtResource( 3 )

[node name="slot_152" type="Sprite" parent="."]
modulate = Color( 1, 0, 0, 1 )
position = Vector2( -200.888, -158.044 )
rotation = 29.3215
scale = Vector2( 0.0976562, 0.0976562 )
texture = ExtResource( 3 )

[node name="slot_153" type="Sprite" parent="."]
modulate = Color( 1, 0, 0, 1 )
position = Vector2( -182.856, -190.113 )
rotation = 30.3687
scale = Vector2( 0.0976562, 0.0976562 )
texture = ExtResource( 3 )

[node name="slot_154" type="Sprite" parent="."]
modulate = Color( 1, 0, 0, 1 )
position = Vector2( -146.067, -189.695 )
rotation = 31.4159
scale = Vector2( 0.0976562, 0.0976562 )
texture = ExtResource( 3 )

[node name="slot_155" type="Sprite" parent="."]
modulate = Color( 1, 0, 0, 1 )
position = Vector2( -128.035, -221.764 )
rotation = 32.4631
scale = Vector2( 0.0976562, 0.0976562 )
texture = ExtResource( 3 )

[node name="slot_156" type="Sprite" parent="."]
modulate = Color( 1, 0, 0, 1 )
position = Vector2( -91.2468, -221.345 )
rotation = 33.5103
scale = Vector2( 0.0976562, 0.0976562 )
texture = ExtResource( 3 )

[node name="slot_157" type="Sprite" parent="."]
modulate = Color( 1, 0, 0, 1 )
position = Vector2( -73.2147, -253.414 )
rotation = 34.5575
scale = Vector2( 0.0976562, 0.0976562 )
texture = ExtResource( 3 )

[node name="slot_158" type="Sprite" parent="."]
modulate = Color( 1, 0, 0, 1 )
position = Vector2( -36.4263, -252.996 )
rotation = 35.6047
scale = Vector2( 0.0976562, 0.0976562 )
texture = ExtResource( 3 )

[node name="slot_159" type="Sprite" parent="."]
modulate = Color( 1, 0, 0, 1 )
position = Vector2( -18.3942, -285.065 )
rotation = 36.6519
scale = Vector2( 0.0976562, 0.0976562 )
texture = ExtResource( 3 )

[node name="slot_161" type="Sprite" parent="."]
modulate = Color( 1, 0, 0, 1 )
position = Vector2( 18.3942, -285.065 )
rotation = 37.6991
scale = Vector2( 0.0976562, 0.0976562 )
texture = ExtResource( 3 )

[node name="slot_162" type="Sprite" parent="."]
modulate = Color( 1, 0, 0, 1 )
position = Vector2( 36.4263, -252.996 )
rotation = 38.7463
scale = Vector2( 0.0976562, 0.0976562 )
texture = ExtResource( 3 )

[node name="slot_163" type="Sprite" parent="."]
modulate = Color( 1, 0, 0, 1 )
position = Vector2( 73.2147, -253.414 )
rotation = 39.7935
scale = Vector2( 0.0976562, 0.0976562 )
texture = ExtResource( 3 )

[node name="slot_164" type="Sprite" parent="."]
modulate = Color( 1, 0, 0, 1 )
position = Vector2( 91.2468, -221.345 )
rotation = 40.8407
scale = Vector2( 0.0976562, 0.0976562 )
texture = ExtResource( 3 )

[node name="slot_165" type="Sprite" parent="."]
modulate = Color( 1, 0, 0, 1 )
position = Vector2( 128.035, -221.764 )
rotation = 41.8879
scale = Vector2( 0.0976562, 0.0976562 )
texture = ExtResource( 3 )

[node name="slot_166" type="Sprite" parent="."]
modulate = Color( 1, 0, 0, 1 )
position = Vector2( 146.067, -189.695 )
rotation = 42.9351
scale = Vector2( 0.0976562, 0.0976562 )
texture = ExtResource( 3 )

[node name="slot_167" type="Sprite" parent="."]
modulate = Color( 1, 0, 0, 1 )
position = Vector2( 182.856, -190.113 )
rotation = 43.9823
scale = Vector2( 0.0976562, 0.0976562 )
texture = ExtResource( 3 )

[node name="slot_168" type="Sprite" parent="."]
modulate = Color( 1, 0, 0, 1 )
position = Vector2( 200.888, -158.044 )
rotation = 45.0295
scale = Vector2( 0.0976562, 0.0976562 )
texture = ExtResource( 3 )

[node name="slot_169" type="Sprite" parent="."]
modulate = Color( 1, 0, 0, 1 )
position = Vector2( 237.676, -158.462 )
rotation = 46.0767
scale = Vector2( 0.0976562, 0.0976562 )
texture = ExtResource( 3 )

[node name="slot_171" type="Sprite" parent="."]
modulate = Color( 1, 0, 0, 1 )
position = Vector2( 256.07, -126.603 )
rotation = 47.1239
scale = Vector2( 0.0976562, 0.0976562 )
texture = ExtResource( 3 )

[node name="slot_172" type="Sprite" parent="."]
modulate = Color( 1, 0, 0, 1 )
position = Vector2( 237.314, -94.9519 )
rotation = 48.1711
scale = Vector2( 0.0976562, 0.0976562 )
texture = ExtResource( 3 )

[node name="slot_173" type="Sprite" parent="."]
modulate = Color( 1, 0, 0, 1 )
position = Vector2( 256.07, -63.3013 )
rotation = 49.2183
scale = Vector2( 0.0976562, 0.0976562 )
texture = ExtResource( 3 )

[node name="slot_174" type="Sprite" parent="."]
modulate = Color( 1, 0, 0, 1 )
position = Vector2( 237.314, -31.6506 )
rotation = 50.2655
scale = Vector2( 0.0976562, 0.0976562 )
texture = ExtResource( 3 )

[node name="slot_175" type="Sprite" parent="."]
modulate = Color( 1, 0, 0, 1 )
position = Vector2( 256.07, 0 )
rotation = 51.3127
scale = Vector2( 0.0976562, 0.0976562 )
texture = ExtResource( 3 )

[node name="slot_176" type="Sprite" parent="."]
modulate = Color( 1, 0, 0, 1 )
position = Vector2( 237.314, 31.6506 )
rotation = 52.3599
scale = Vector2( 0.0976562, 0.0976562 )
texture = ExtResource( 3 )

[node name="slot_177" type="Sprite" parent="."]
modulate = Color( 1, 0, 0, 1 )
position = Vector2( 256.07, 63.3013 )
rotation = 53.4071
scale = Vector2( 0.0976562, 0.0976562 )
texture = ExtResource( 3 )

[node name="slot_178" type="Sprite" parent="."]
modulate = Color( 1, 0, 0, 1 )
position = Vector2( 237.314, 94.9519 )
rotation = 54.4543
scale = Vector2( 0.0976562, 0.0976562 )
texture = ExtResource( 3 )

[node name="slot_179" type="Sprite" parent="."]
modulate = Color( 1, 0, 0, 1 )
position = Vector2( 256.07, 126.603 )
rotation = 55.5015
scale = Vector2( 0.0976562, 0.0976562 )
texture = ExtResource( 3 )

[node name="slot_181" type="Sprite" parent="."]
modulate = Color( 1, 0, 0, 1 )
position = Vector2( 292.497, 190.113 )
scale = Vector2( 0.0976562, 0.0976562 )
texture = ExtResource( 3 )

[node name="slot_182" type="Sprite" parent="."]
modulate = Color( 1, 0, 0, 1 )
position = Vector2( 255.708, 189.695 )
rotation = 1.0472
scale = Vector2( 0.0976562, 0.0976562 )
texture = ExtResource( 3 )

[node name="slot_183" type="Sprite" parent="."]
modulate = Color( 1, 0, 0, 1 )
position = Vector2( 237.676, 221.764 )
rotation = 2.0944
scale = Vector2( 0.0976562, 0.0976562 )
texture = ExtResource( 3 )

[node name="slot_184" type="Sprite" parent="."]
modulate = Color( 1, 0, 0, 1 )
position = Vector2( 200.888, 221.345 )
rotation = 3.14159
scale = Vector2( 0.0976562, 0.0976562 )
texture = ExtResource( 3 )

[node name="slot_185" type="Sprite" parent="."]
modulate = Color( 1, 0, 0, 1 )
position = Vector2( 182.856, 253.414 )
rotation = 4.18879
scale = Vector2( 0.0976562, 0.0976562 )
texture = ExtResource( 3 )

[node name="slot_186" type="Sprite" parent="."]
modulate = Color( 1, 0, 0, 1 )
position = Vector2( 146.067, 252.996 )
rotation = 5.23599
scale = Vector2( 0.0976562, 0.0976562 )
texture = ExtResource( 3 )

[node name="slot_187" type="Sprite" parent="."]
modulate = Color( 1, 0, 0, 1 )
position = Vector2( 128.035, 285.065 )
rotation = 6.28319
scale = Vector2( 0.0976562, 0.0976562 )
texture = ExtResource( 3 )

[node name="slot_188" type="Sprite" parent="."]
modulate = Color( 1, 0, 0, 1 )
position = Vector2( 91.2468, 284.647 )
rotation = 7.33038
scale = Vector2( 0.0976562, 0.0976562 )
texture = ExtResource( 3 )

[node name="slot_189" type="Sprite" parent="."]
modulate = Color( 1, 0, 0, 1 )
position = Vector2( 73.2147, 316.715 )
rotation = 8.37758
scale = Vector2( 0.0976562, 0.0976562 )
texture = ExtResource( 3 )

[node name="slot_190" type="Sprite" parent="."]
modulate = Color( 1, 0, 0, 1 )
position = Vector2( 36.4263, 316.297 )
rotation = 9.42478
scale = Vector2( 0.0976562, 0.0976562 )
texture = ExtResource( 3 )

[node name="slot_191" type="Sprite" parent="."]
modulate = Color( 1, 0, 0, 1 )
position = Vector2( 18.3942, 348.366 )
rotation = 10.472
scale = Vector2( 0.0976562, 0.0976562 )
texture = ExtResource( 3 )

[node name="slot_193" type="Sprite" parent="."]
modulate = Color( 1, 0, 0, 1 )
position = Vector2( -18.3942, 348.366 )
rotation = 11.5192
scale = Vector2( 0.0976562, 0.0976562 )
texture = ExtResource( 3 )

[node name="slot_194" type="Sprite" parent="."]
modulate = Color( 1, 0, 0, 1 )
position = Vector2( -36.4263, 316.297 )
rotation = 12.5664
scale = Vector2( 0.0976562, 0.0976562 )
texture = ExtResource( 3 )

[node name="slot_195" type="Sprite" parent="."]
modulate = Color( 1, 0, 0, 1 )
position = Vector2( -73.2147, 316.715 )
rotation = 13.6136
scale = Vector2( 0.0976562, 0.0976562 )
texture = ExtResource( 3 )

[node name="slot_196" type="Sprite" parent="."]
modulate = Color( 1, 0, 0, 1 )
position = Vector2( -91.2468, 284.647 )
rotation = 14.6608
scale = Vector2( 0.0976562, 0.0976562 )
texture = ExtResource( 3 )

[node name="slot_197" type="Sprite" parent="."]
modulate = Color( 1, 0, 0, 1 )
position = Vector2( -128.035, 285.065 )
rotation = 15.708
scale = Vector2( 0.0976562, 0.0976562 )
texture = ExtResource( 3 )

[node name="slot_198" type="Sprite" parent="."]
modulate = Color( 1, 0, 0, 1 )
position = Vector2( -146.067, 252.996 )
rotation = 16.7552
scale = Vector2( 0.0976562, 0.0976562 )
texture = ExtResource( 3 )

[node name="slot_199" type="Sprite" parent="."]
modulate = Color( 1, 0, 0, 1 )
position = Vector2( -182.856, 253.414 )
rotation = 17.8024
scale = Vector2( 0.0976562, 0.0976562 )
texture = ExtResource( 3 )

[node name="slot_200" type="Sprite" parent="."]
modulate = Color( 1, 0, 0, 1 )
position = Vector2( -200.888, 221.345 )
rotation = 18.8496
scale = Vector2( 0.0976562, 0.0976562 )
texture = ExtResource( 3 )

[node name="slot_201" type="Sprite" parent="."]
modulate = Color( 1, 0, 0, 1 )
position = Vector2( -237.676, 221.764 )
rotation = 19.8968
scale = Vector2( 0.0976562, 0.0976562 )
texture = ExtResource( 3 )

[node name="slot_202" type="Sprite" parent="."]
modulate = Color( 1, 0, 0, 1 )
position = Vector2( -255.708, 189.695 )
rotation = 20.944
scale = Vector2( 0.0976562, 0.0976562 )
texture = ExtResource( 3 )

[node name="slot_203" type="Sprite" parent="."]
modulate = Color( 1, 0, 0, 1 )
position = Vector2( -292.497, 190.113 )
rotation = 21.9911
scale = Vector2( 0.0976562, 0.0976562 )
texture = ExtResource( 3 )

[node name="slot_205" type="Sprite" parent="."]
modulate = Color( 1, 0, 0, 1 )
position = Vector2( -310.891, 158.253 )
rotation = 23.0383
scale = Vector2( 0.0976562, 0.0976562 )
texture = ExtResource( 3 )

[node name="slot_206" type="Sprite" parent="."]
modulate = Color( 1, 0, 0, 1 )
position = Vector2( -292.135, 126.603 )
rotation = 24.0855
scale = Vector2( 0.0976562, 0.0976562 )
texture = ExtResource( 3 )

[node name="slot_207" type="Sprite" parent="."]
modulate = Color( 1, 0, 0, 1 )
position = Vector2( -310.891, 94.9519 )
rotation = 25.1327
scale = Vector2( 0.0976562, 0.0976562 )
texture = ExtResource( 3 )

[node name="slot_208" type="Sprite" parent="."]
modulate = Color( 1, 0, 0, 1 )
position = Vector2( -292.135, 63.3013 )
rotation = 26.1799
scale = Vector2( 0.0976562, 0.0976562 )
texture = ExtResource( 3 )

[node name="slot_209" type="Sprite" parent="."]
modulate = Color( 1, 0, 0, 1 )
position = Vector2( -310.891, 31.6506 )
rotation = 27.2271
scale = Vector2( 0.0976562, 0.0976562 )
texture = ExtResource( 3 )

[node name="slot_210" type="Sprite" parent="."]
modulate = Color( 1, 0, 0, 1 )
position = Vector2( -292.135, 0 )
rotation = 28.2743
scale = Vector2( 0.0976562, 0.0976562 )
texture = ExtResource( 3 )

[node name="slot_211" type="Sprite" parent="."]
modulate = Color( 1, 0, 0, 1 )
position = Vector2( -310.891, -31.6506 )
rotation = 29.3215
scale = Vector2( 0.0976562, 0.0976562 )
texture = ExtResource( 3 )

[node name="slot_212" type="Sprite" parent="."]
modulate = Color( 1, 0, 0, 1 )
position = Vector2( -292.135, -63.3013 )
rotation = 30.3687
scale = Vector2( 0.0976562, 0.0976562 )
texture = ExtResource( 3 )

[node name="slot_213" type="Sprite" parent="."]
modulate = Color( 1, 0, 0, 1 )
position = Vector2( -310.891, -94.9519 )
rotation = 31.4159
scale = Vector2( 0.0976562, 0.0976562 )
texture = ExtResource( 3 )

[node name="slot_214" type="Sprite" parent="."]
modulate = Color( 1, 0, 0, 1 )
position = Vector2( -292.135, -126.603 )
rotation = 32.4631
scale = Vector2( 0.0976562, 0.0976562 )
texture = ExtResource( 3 )

[node name="slot_215" type="Sprite" parent="."]
modulate = Color( 1, 0, 0, 1 )
position = Vector2( -310.891, -158.253 )
rotation = 33.5103
scale = Vector2( 0.0976562, 0.0976562 )
texture = ExtResource( 3 )

[node name="slot_217" type="Sprite" parent="."]
modulate = Color( 1, 0, 0, 1 )
position = Vector2( -292.497, -190.113 )
rotation = 34.5575
scale = Vector2( 0.0976562, 0.0976562 )
texture = ExtResource( 3 )

[node name="slot_218" type="Sprite" parent="."]
modulate = Color( 1, 0, 0, 1 )
position = Vector2( -255.708, -189.695 )
rotation = 35.6047
scale = Vector2( 0.0976562, 0.0976562 )
texture = ExtResource( 3 )

[node name="slot_219" type="Sprite" parent="."]
modulate = Color( 1, 0, 0, 1 )
position = Vector2( -237.676, -221.764 )
rotation = 36.6519
scale = Vector2( 0.0976562, 0.0976562 )
texture = ExtResource( 3 )

[node name="slot_220" type="Sprite" parent="."]
modulate = Color( 1, 0, 0, 1 )
position = Vector2( -200.888, -221.345 )
rotation = 37.6991
scale = Vector2( 0.0976562, 0.0976562 )
texture = ExtResource( 3 )

[node name="slot_221" type="Sprite" parent="."]
modulate = Color( 1, 0, 0, 1 )
position = Vector2( -182.856, -253.414 )
rotation = 38.7463
scale = Vector2( 0.0976562, 0.0976562 )
texture = ExtResource( 3 )

[node name="slot_222" type="Sprite" parent="."]
modulate = Color( 1, 0, 0, 1 )
position = Vector2( -146.067, -252.996 )
rotation = 39.7935
scale = Vector2( 0.0976562, 0.0976562 )
texture = ExtResource( 3 )

[node name="slot_223" type="Sprite" parent="."]
modulate = Color( 1, 0, 0, 1 )
position = Vector2( -128.035, -285.065 )
rotation = 40.8407
scale = Vector2( 0.0976562, 0.0976562 )
texture = ExtResource( 3 )

[node name="slot_224" type="Sprite" parent="."]
modulate = Color( 1, 0, 0, 1 )
position = Vector2( -91.2468, -284.647 )
rotation = 41.8879
scale = Vector2( 0.0976562, 0.0976562 )
texture = ExtResource( 3 )

[node name="slot_225" type="Sprite" parent="."]
modulate = Color( 1, 0, 0, 1 )
position = Vector2( -73.2147, -316.715 )
rotation = 42.9351
scale = Vector2( 0.0976562, 0.0976562 )
texture = ExtResource( 3 )

[node name="slot_226" type="Sprite" parent="."]
modulate = Color( 1, 0, 0, 1 )
position = Vector2( -36.4263, -316.297 )
rotation = 43.9823
scale = Vector2( 0.0976562, 0.0976562 )
texture = ExtResource( 3 )

[node name="slot_227" type="Sprite" parent="."]
modulate = Color( 1, 0, 0, 1 )
position = Vector2( -18.3942, -348.366 )
rotation = 45.0295
scale = Vector2( 0.0976562, 0.0976562 )
texture = ExtResource( 3 )

[node name="slot_229" type="Sprite" parent="."]
modulate = Color( 1, 0, 0, 1 )
position = Vector2( 18.3942, -348.366 )
rotation = 46.0767
scale = Vector2( 0.0976562, 0.0976562 )
texture = ExtResource( 3 )

[node name="slot_230" type="Sprite" parent="."]
modulate = Color( 1, 0, 0, 1 )
position = Vector2( 36.4263, -316.297 )
rotation = 47.1239
scale = Vector2( 0.0976562, 0.0976562 )
texture = ExtResource( 3 )

[node name="slot_231" type="Sprite" parent="."]
modulate = Color( 1, 0, 0, 1 )
position = Vector2( 73.2147, -316.715 )
rotation = 48.1711
scale = Vector2( 0.0976562, 0.0976562 )
texture = ExtResource( 3 )

[node name="slot_232" type="Sprite" parent="."]
modulate = Color( 1, 0, 0, 1 )
position = Vector2( 91.2468, -284.647 )
rotation = 49.2183
scale = Vector2( 0.0976562, 0.0976562 )
texture = ExtResource( 3 )

[node name="slot_233" type="Sprite" parent="."]
modulate = Color( 1, 0, 0, 1 )
position = Vector2( 128.035, -285.065 )
rotation = 50.2655
scale = Vector2( 0.0976562, 0.0976562 )
texture = ExtResource( 3 )

[node name="slot_234" type="Sprite" parent="."]
modulate = Color( 1, 0, 0, 1 )
position = Vector2( 146.067, -252.996 )
rotation = 51.3127
scale = Vector2( 0.0976562, 0.0976562 )
texture = ExtResource( 3 )

[node name="slot_235" type="Sprite" parent="."]
modulate = Color( 1, 0, 0, 1 )
position = Vector2( 182.856, -253.414 )
rotation = 52.3599
scale = Vector2( 0.0976562, 0.0976562 )
texture = ExtResource( 3 )

[node name="slot_236" type="Sprite" parent="."]
modulate = Color( 1, 0, 0, 1 )
position = Vector2( 200.888, -221.345 )
rotation = 53.4071
scale = Vector2( 0.0976562, 0.0976562 )
texture = ExtResource( 3 )

[node name="slot_237" type="Sprite" parent="."]
modulate = Color( 1, 0, 0, 1 )
position = Vector2( 237.676, -221.764 )
rotation = 54.4543
scale = Vector2( 0.0976562, 0.0976562 )
texture = ExtResource( 3 )

[node name="slot_238" type="Sprite" parent="."]
modulate = Color( 1, 0, 0, 1 )
position = Vector2( 255.708, -189.695 )
rotation = 55.5015
scale = Vector2( 0.0976562, 0.0976562 )
texture = ExtResource( 3 )

[node name="slot_239" type="Sprite" parent="."]
modulate = Color( 1, 0, 0, 1 )
position = Vector2( 292.497, -190.113 )
rotation = 56.5487
scale = Vector2( 0.0976562, 0.0976562 )
texture = ExtResource( 3 )

[node name="slot_241" type="Sprite" parent="."]
modulate = Color( 1, 0, 0, 1 )
position = Vector2( 310.891, -158.253 )
rotation = 57.5959
scale = Vector2( 0.0976562, 0.0976562 )
texture = ExtResource( 3 )

[node name="slot_242" type="Sprite" parent="."]
modulate = Color( 1, 0, 0, 1 )
position = Vector2( 292.135, -126.603 )
rotation = 58.6431
scale = Vector2( 0.0976562, 0.0976562 )
texture = ExtResource( 3 )

[node name="slot_243" type="Sprite" parent="."]
modulate = Color( 1, 0, 0, 1 )
position = Vector2( 310.891, -94.9519 )
rotation = 59.6903
scale = Vector2( 0.0976562, 0.0976562 )
texture = ExtResource( 3 )

[node name="slot_244" type="Sprite" parent="."]
modulate = Color( 1, 0, 0, 1 )
position = Vector2( 292.135, -63.3013 )
rotation = 60.7375
scale = Vector2( 0.0976562, 0.0976562 )
texture = ExtResource( 3 )

[node name="slot_245" type="Sprite" parent="."]
modulate = Color( 1, 0, 0, 1 )
position = Vector2( 310.891, -31.6506 )
rotation = 61.7847
scale = Vector2( 0.0976562, 0.0976562 )
texture = ExtResource( 3 )

[node name="slot_246" type="Sprite" parent="."]
modulate = Color( 1, 0, 0, 1 )
position = Vector2( 292.135, 0 )
rotation = 62.8319
scale = Vector2( 0.0976562, 0.0976562 )
texture = ExtResource( 3 )

[node name="slot_247" type="Sprite" parent="."]
modulate = Color( 1, 0, 0, 1 )
position = Vector2( 310.891, 31.6506 )
rotation = 63.8791
scale = Vector2( 0.0976562, 0.0976562 )
texture = ExtResource( 3 )

[node name="slot_248" type="Sprite" parent="."]
modulate = Color( 1, 0, 0, 1 )
position = Vector2( 292.135, 63.3013 )
rotation = 64.9262
scale = Vector2( 0.0976562, 0.0976562 )
texture = ExtResource( 3 )

[node name="slot_249" type="Sprite" parent="."]
modulate = Color( 1, 0, 0, 1 )
position = Vector2( 310.891, 94.9519 )
rotation = 65.9734
scale = Vector2( 0.0976562, 0.0976562 )
texture = ExtResource( 3 )

[node name="slot_250" type="Sprite" parent="."]
modulate = Color( 1, 0, 0, 1 )
position = Vector2( 292.135, 126.603 )
rotation = 67.0206
scale = Vector2( 0.0976562, 0.0976562 )
texture = ExtResource( 3 )

[node name="slot_251" type="Sprite" parent="."]
modulate = Color( 1, 0, 0, 1 )
position = Vector2( 310.891, 158.253 )
rotation = 68.0678
scale = Vector2( 0.0976562, 0.0976562 )
texture = ExtResource( 3 )
