[gd_scene load_steps=8 format=2]

[ext_resource path="res://scripts/2d/menu.gd" type="Script" id=1]
[ext_resource path="res://models/2d/hexa_button.tscn" type="PackedScene" id=2]
[ext_resource path="res://fonts/GeneraleMonoA.otf" type="DynamicFontData" id=3]

[sub_resource type="DynamicFont" id=1]
size = 14
font_data = ExtResource( 3 )

[sub_resource type="Theme" id=2]
default_font = SubResource( 1 )

[sub_resource type="DynamicFont" id=3]
size = 12
font_data = ExtResource( 3 )

[sub_resource type="Theme" id=4]
default_font = SubResource( 3 )

[node name="menu" type="Node2D"]
script = ExtResource( 1 )

[node name="main" parent="." instance=ExtResource( 2 )]
position = Vector2( 1222, 579 )
_text = "MENU"
selectable = false
start_style = {
"bg": Color( 1, 1, 1, 1 ),
"border": Color( 1, 1, 1, 1 ),
"bscale": Vector2( 0, 0 ),
"scale": Vector2( 0.2, 0.2 ),
"speed": 14,
"txt": Color( 0, 0, 0, 0 )
}
normal_style = {
"bg": Color( 1, 1, 1, 1 ),
"border": Color( 1, 1, 1, 0.470588 ),
"bscale": Vector2( 1, 1 ),
"scale": Vector2( 0.9, 0.9 ),
"speed": 10,
"txt": Color( 0, 0, 0, 1 )
}
hover_style = {
"bg": Color( 0.117647, 0.117647, 0.117647, 1 ),
"border": Color( 1, 0, 0.352941, 1 ),
"bscale": Vector2( 1, 1 ),
"scale": Vector2( 0.96, 0.96 ),
"speed": 20,
"txt": Color( 1, 1, 1, 1 )
}
selected_style = {
"bg": Color( 0, 0, 0, 1 ),
"border": Color( 0, 0, 0, 1 ),
"bscale": Vector2( 1, 1 ),
"scale": Vector2( 1, 1 ),
"speed": 5,
"txt": Color( 1, 1, 1, 1 )
}
disabled_style = {
"bg": Color( 0.741176, 0.741176, 0.741176, 1 ),
"border": Color( 1, 1, 1, 0.196078 ),
"bscale": Vector2( 1, 1 ),
"scale": Vector2( 0.8, 0.8 ),
"speed": 10,
"txt": Color( 0.305882, 0.305882, 0.305882, 1 )
}

[node name="_0" type="Node2D" parent="main"]
visible = false
position = Vector2( 126.244, 0 )

[node name="_1" type="Node2D" parent="main"]
visible = false
position = Vector2( 63.1218, 109.33 )

[node name="_2" type="Node2D" parent="main"]
visible = false
position = Vector2( -63.1218, 109.33 )

[node name="play" parent="main" instance=ExtResource( 2 )]
visible = false
position = Vector2( -126.244, 1.54604e-14 )
_text = "PLAY"
selectable = false
start_style = {
"bg": Color( 1, 1, 1, 1 ),
"border": Color( 1, 1, 1, 1 ),
"bscale": Vector2( 0, 0 ),
"scale": Vector2( 0.2, 0.2 ),
"speed": 14,
"txt": Color( 0, 0, 0, 0 )
}
normal_style = {
"bg": Color( 1, 1, 1, 1 ),
"border": Color( 1, 1, 1, 0.470588 ),
"bscale": Vector2( 1, 1 ),
"scale": Vector2( 0.9, 0.9 ),
"speed": 10,
"txt": Color( 0, 0, 0, 1 )
}
hover_style = {
"bg": Color( 0.117647, 0.117647, 0.117647, 1 ),
"border": Color( 1, 0, 0.352941, 1 ),
"bscale": Vector2( 1, 1 ),
"scale": Vector2( 0.96, 0.96 ),
"speed": 20,
"txt": Color( 1, 1, 1, 1 )
}
selected_style = {
"bg": Color( 0, 0, 0, 1 ),
"border": Color( 0, 0, 0, 1 ),
"bscale": Vector2( 1, 1 ),
"scale": Vector2( 1, 1 ),
"speed": 5,
"txt": Color( 1, 1, 1, 1 )
}
disabled_style = {
"bg": Color( 0.741176, 0.741176, 0.741176, 1 ),
"border": Color( 1, 1, 1, 0.196078 ),
"bscale": Vector2( 1, 1 ),
"scale": Vector2( 0.8, 0.8 ),
"speed": 10,
"txt": Color( 0.305882, 0.305882, 0.305882, 1 )
}

[node name="edit" parent="main" instance=ExtResource( 2 )]
editor/display_folded = true
visible = false
position = Vector2( -63.1218, -109.33 )
_text = "EDIT"
selectable = false
start_style = {
"bg": Color( 1, 1, 1, 1 ),
"border": Color( 1, 1, 1, 1 ),
"bscale": Vector2( 0, 0 ),
"scale": Vector2( 0.2, 0.2 ),
"speed": 14,
"txt": Color( 0, 0, 0, 0 )
}
normal_style = {
"bg": Color( 1, 1, 1, 1 ),
"border": Color( 1, 1, 1, 0.470588 ),
"bscale": Vector2( 1, 1 ),
"scale": Vector2( 0.9, 0.9 ),
"speed": 10,
"txt": Color( 0, 0, 0, 1 )
}
hover_style = {
"bg": Color( 0.117647, 0.117647, 0.117647, 1 ),
"border": Color( 1, 0, 0.352941, 1 ),
"bscale": Vector2( 1, 1 ),
"scale": Vector2( 0.96, 0.96 ),
"speed": 20,
"txt": Color( 1, 1, 1, 1 )
}
selected_style = {
"bg": Color( 0, 0, 0, 1 ),
"border": Color( 0, 0, 0, 1 ),
"bscale": Vector2( 1, 1 ),
"scale": Vector2( 1, 1 ),
"speed": 5,
"txt": Color( 1, 1, 1, 1 )
}
disabled_style = {
"bg": Color( 0.741176, 0.741176, 0.741176, 1 ),
"border": Color( 1, 1, 1, 0.196078 ),
"bscale": Vector2( 1, 1 ),
"scale": Vector2( 0.8, 0.8 ),
"speed": 10,
"txt": Color( 0.305882, 0.305882, 0.305882, 1 )
}

[node name="_0" type="Node2D" parent="main/edit"]
visible = false
position = Vector2( 126.244, 0 )

[node name="_1" type="Node2D" parent="main/edit"]
visible = false
position = Vector2( 63.1218, 109.33 )

[node name="_2" type="Node2D" parent="main/edit"]
visible = false
position = Vector2( -63.1218, 109.33 )

[node name="board" parent="main/edit" instance=ExtResource( 2 )]
editor/display_folded = true
visible = false
position = Vector2( -126.244, 1.54604e-14 )
_text = "BOARD"
start_style = {
"bg": Color( 1, 1, 1, 1 ),
"border": Color( 1, 1, 1, 1 ),
"bscale": Vector2( 0, 0 ),
"scale": Vector2( 0.2, 0.2 ),
"speed": 14,
"txt": Color( 0, 0, 0, 0 )
}
normal_style = {
"bg": Color( 1, 1, 1, 1 ),
"border": Color( 1, 1, 1, 0.470588 ),
"bscale": Vector2( 1, 1 ),
"scale": Vector2( 0.9, 0.9 ),
"speed": 10,
"txt": Color( 0, 0, 0, 1 )
}
hover_style = {
"bg": Color( 0.117647, 0.117647, 0.117647, 1 ),
"border": Color( 1, 0, 0.352941, 1 ),
"bscale": Vector2( 1, 1 ),
"scale": Vector2( 0.96, 0.96 ),
"speed": 20,
"txt": Color( 1, 1, 1, 1 )
}
selected_style = {
"bg": Color( 0, 0, 0, 1 ),
"border": Color( 0, 0, 0, 1 ),
"bscale": Vector2( 1, 1 ),
"scale": Vector2( 1, 1 ),
"speed": 5,
"txt": Color( 1, 1, 1, 1 )
}
disabled_style = {
"bg": Color( 0.741176, 0.741176, 0.741176, 1 ),
"border": Color( 1, 1, 1, 0.196078 ),
"bscale": Vector2( 1, 1 ),
"scale": Vector2( 0.8, 0.8 ),
"speed": 10,
"txt": Color( 0.305882, 0.305882, 0.305882, 1 )
}

[node name="_0" type="Node2D" parent="main/edit/board"]
visible = false
position = Vector2( 126.244, 0 )

[node name="_1" type="Node2D" parent="main/edit/board"]
visible = false
position = Vector2( 63.1218, 109.33 )

[node name="_2" type="Node2D" parent="main/edit/board"]
visible = false
position = Vector2( -63.1218, 109.33 )

[node name="minus" parent="main/edit/board" instance=ExtResource( 2 )]
visible = false
position = Vector2( -126.244, 1.54604e-14 )
_text = "-"
selectable = false
start_style = {
"bg": Color( 1, 1, 1, 1 ),
"border": Color( 1, 1, 1, 1 ),
"bscale": Vector2( 0, 0 ),
"scale": Vector2( 0.2, 0.2 ),
"speed": 14,
"txt": Color( 0, 0, 0, 0 )
}
normal_style = {
"bg": Color( 1, 1, 1, 1 ),
"border": Color( 1, 1, 1, 0.470588 ),
"bscale": Vector2( 1, 1 ),
"scale": Vector2( 0.9, 0.9 ),
"speed": 10,
"txt": Color( 0, 0, 0, 1 )
}
hover_style = {
"bg": Color( 0.117647, 0.117647, 0.117647, 1 ),
"border": Color( 1, 0, 0.352941, 1 ),
"bscale": Vector2( 1, 1 ),
"scale": Vector2( 0.96, 0.96 ),
"speed": 20,
"txt": Color( 1, 1, 1, 1 )
}
selected_style = {
"bg": Color( 0, 0, 0, 1 ),
"border": Color( 0, 0, 0, 1 ),
"bscale": Vector2( 1, 1 ),
"scale": Vector2( 1, 1 ),
"speed": 5,
"txt": Color( 1, 1, 1, 1 )
}
disabled_style = {
"bg": Color( 0.741176, 0.741176, 0.741176, 1 ),
"border": Color( 1, 1, 1, 0.196078 ),
"bscale": Vector2( 1, 1 ),
"scale": Vector2( 0.8, 0.8 ),
"speed": 10,
"txt": Color( 0.305882, 0.305882, 0.305882, 1 )
}

[node name="plus" parent="main/edit/board" instance=ExtResource( 2 )]
visible = false
position = Vector2( -63.1218, -109.33 )
_text = "+"
selectable = false
start_style = {
"bg": Color( 1, 1, 1, 1 ),
"border": Color( 1, 1, 1, 1 ),
"bscale": Vector2( 0, 0 ),
"scale": Vector2( 0.2, 0.2 ),
"speed": 14,
"txt": Color( 0, 0, 0, 0 )
}
normal_style = {
"bg": Color( 1, 1, 1, 1 ),
"border": Color( 1, 1, 1, 0.470588 ),
"bscale": Vector2( 1, 1 ),
"scale": Vector2( 0.9, 0.9 ),
"speed": 10,
"txt": Color( 0, 0, 0, 1 )
}
hover_style = {
"bg": Color( 0.117647, 0.117647, 0.117647, 1 ),
"border": Color( 1, 0, 0.352941, 1 ),
"bscale": Vector2( 1, 1 ),
"scale": Vector2( 0.96, 0.96 ),
"speed": 20,
"txt": Color( 1, 1, 1, 1 )
}
selected_style = {
"bg": Color( 0, 0, 0, 1 ),
"border": Color( 0, 0, 0, 1 ),
"bscale": Vector2( 1, 1 ),
"scale": Vector2( 1, 1 ),
"speed": 5,
"txt": Color( 1, 1, 1, 1 )
}
disabled_style = {
"bg": Color( 0.741176, 0.741176, 0.741176, 1 ),
"border": Color( 1, 1, 1, 0.196078 ),
"bscale": Vector2( 1, 1 ),
"scale": Vector2( 0.8, 0.8 ),
"speed": 10,
"txt": Color( 0.305882, 0.305882, 0.305882, 1 )
}

[node name="player" parent="main/edit" instance=ExtResource( 2 )]
editor/display_folded = true
visible = false
position = Vector2( -63.1218, -109.33 )
_text = "PLAYER"
start_style = {
"bg": Color( 1, 1, 1, 1 ),
"border": Color( 1, 1, 1, 1 ),
"bscale": Vector2( 0, 0 ),
"scale": Vector2( 0.2, 0.2 ),
"speed": 14,
"txt": Color( 0, 0, 0, 0 )
}
normal_style = {
"bg": Color( 1, 1, 1, 1 ),
"border": Color( 1, 1, 1, 0.470588 ),
"bscale": Vector2( 1, 1 ),
"scale": Vector2( 0.9, 0.9 ),
"speed": 10,
"txt": Color( 0, 0, 0, 1 )
}
hover_style = {
"bg": Color( 0.117647, 0.117647, 0.117647, 1 ),
"border": Color( 1, 0, 0.352941, 1 ),
"bscale": Vector2( 1, 1 ),
"scale": Vector2( 0.96, 0.96 ),
"speed": 20,
"txt": Color( 1, 1, 1, 1 )
}
selected_style = {
"bg": Color( 0, 0, 0, 1 ),
"border": Color( 0, 0, 0, 1 ),
"bscale": Vector2( 1, 1 ),
"scale": Vector2( 1, 1 ),
"speed": 5,
"txt": Color( 1, 1, 1, 1 )
}
disabled_style = {
"bg": Color( 0.741176, 0.741176, 0.741176, 1 ),
"border": Color( 1, 1, 1, 0.196078 ),
"bscale": Vector2( 1, 1 ),
"scale": Vector2( 0.8, 0.8 ),
"speed": 10,
"txt": Color( 0.305882, 0.305882, 0.305882, 1 )
}

[node name="p2" parent="main/edit/player" instance=ExtResource( 2 )]
editor/display_folded = true
visible = false
position = Vector2( 126.244, 0 )
_text = "P2"
submenu_visible = true
start_style = {
"bg": Color( 1, 1, 1, 1 ),
"border": Color( 1, 1, 1, 1 ),
"bscale": Vector2( 0, 0 ),
"scale": Vector2( 0.2, 0.2 ),
"speed": 14,
"txt": Color( 0, 0, 0, 0 )
}
normal_style = {
"bg": Color( 1, 1, 1, 1 ),
"border": Color( 1, 1, 1, 0.470588 ),
"bscale": Vector2( 1, 1 ),
"scale": Vector2( 0.9, 0.9 ),
"speed": 10,
"txt": Color( 0, 0, 0, 1 )
}
hover_style = {
"bg": Color( 0.117647, 0.117647, 0.117647, 1 ),
"border": Color( 1, 0, 0.352941, 1 ),
"bscale": Vector2( 1, 1 ),
"scale": Vector2( 0.96, 0.96 ),
"speed": 20,
"txt": Color( 1, 1, 1, 1 )
}
selected_style = {
"bg": Color( 0, 0, 0, 1 ),
"border": Color( 0, 0, 0, 1 ),
"bscale": Vector2( 1, 1 ),
"scale": Vector2( 1, 1 ),
"speed": 5,
"txt": Color( 1, 1, 1, 1 )
}
disabled_style = {
"bg": Color( 0.741176, 0.741176, 0.741176, 1 ),
"border": Color( 1, 1, 1, 0.196078 ),
"bscale": Vector2( 1, 1 ),
"scale": Vector2( 0.8, 0.8 ),
"speed": 10,
"txt": Color( 0.305882, 0.305882, 0.305882, 1 )
}

[node name="color" parent="main/edit/player/p2" instance=ExtResource( 2 )]
position = Vector2( 100.263, 0 )
radius = 40.0
_text = "0"
regenerate = true
selectable = false
reactive = false
start_style = {
"bg": Color( 1, 1, 1, 1 ),
"border": Color( 1, 1, 1, 1 ),
"bscale": Vector2( 0, 0 ),
"scale": Vector2( 0.2, 0.2 ),
"speed": 14,
"txt": Color( 0, 0, 0, 0 )
}
normal_style = {
"bg": Color( 1, 1, 1, 0.9 ),
"border": Color( 1, 1, 1, 0 ),
"bscale": Vector2( 1, 1 ),
"scale": Vector2( 1, 1 ),
"speed": 10,
"txt": Color( 0, 0, 0, 1 )
}
hover_style = {
"bg": Color( 0.117647, 0.117647, 0.117647, 1 ),
"border": Color( 1, 0, 0.352941, 1 ),
"bscale": Vector2( 1, 1 ),
"scale": Vector2( 0.96, 0.96 ),
"speed": 20,
"txt": Color( 1, 1, 1, 1 )
}
selected_style = {
"bg": Color( 0, 0, 0, 1 ),
"border": Color( 0, 0, 0, 1 ),
"bscale": Vector2( 1, 1 ),
"scale": Vector2( 1, 1 ),
"speed": 5,
"txt": Color( 1, 1, 1, 1 )
}
disabled_style = {
"bg": Color( 0.741176, 0.741176, 0.741176, 1 ),
"border": Color( 1, 1, 1, 0.196078 ),
"bscale": Vector2( 1, 1 ),
"scale": Vector2( 0.8, 0.8 ),
"speed": 10,
"txt": Color( 0.305882, 0.305882, 0.305882, 1 )
}

[node name="_1" type="Node2D" parent="main/edit/player"]
visible = false
position = Vector2( 63.1218, 109.33 )

[node name="_2" type="Node2D" parent="main/edit/player"]
visible = false
position = Vector2( -63.1218, 109.33 )

[node name="clear" parent="main/edit/player" instance=ExtResource( 2 )]
visible = false
position = Vector2( -126.244, 1.54604e-14 )
_text = "CLEAR"
selectable = false
start_style = {
"bg": Color( 1, 1, 1, 1 ),
"border": Color( 1, 1, 1, 1 ),
"bscale": Vector2( 0, 0 ),
"scale": Vector2( 0.2, 0.2 ),
"speed": 14,
"txt": Color( 0, 0, 0, 0 )
}
normal_style = {
"bg": Color( 1, 1, 1, 1 ),
"border": Color( 1, 1, 1, 0.470588 ),
"bscale": Vector2( 1, 1 ),
"scale": Vector2( 0.9, 0.9 ),
"speed": 10,
"txt": Color( 0, 0, 0, 1 )
}
hover_style = {
"bg": Color( 0.117647, 0.117647, 0.117647, 1 ),
"border": Color( 1, 0, 0.352941, 1 ),
"bscale": Vector2( 1, 1 ),
"scale": Vector2( 0.96, 0.96 ),
"speed": 20,
"txt": Color( 1, 1, 1, 1 )
}
selected_style = {
"bg": Color( 0, 0, 0, 1 ),
"border": Color( 0, 0, 0, 1 ),
"bscale": Vector2( 1, 1 ),
"scale": Vector2( 1, 1 ),
"speed": 5,
"txt": Color( 1, 1, 1, 1 )
}
disabled_style = {
"bg": Color( 0.741176, 0.741176, 0.741176, 1 ),
"border": Color( 1, 1, 1, 0.196078 ),
"bscale": Vector2( 1, 1 ),
"scale": Vector2( 0.8, 0.8 ),
"speed": 10,
"txt": Color( 0.305882, 0.305882, 0.305882, 1 )
}

[node name="p0" parent="main/edit/player" instance=ExtResource( 2 )]
editor/display_folded = true
visible = false
position = Vector2( -63.1218, -109.33 )
_text = "P0"
selected = true
submenu_visible = true
start_style = {
"bg": Color( 1, 1, 1, 1 ),
"border": Color( 1, 1, 1, 1 ),
"bscale": Vector2( 0, 0 ),
"scale": Vector2( 0.2, 0.2 ),
"speed": 14,
"txt": Color( 0, 0, 0, 0 )
}
normal_style = {
"bg": Color( 1, 1, 1, 1 ),
"border": Color( 1, 1, 1, 0.470588 ),
"bscale": Vector2( 1, 1 ),
"scale": Vector2( 0.9, 0.9 ),
"speed": 10,
"txt": Color( 0, 0, 0, 1 )
}
hover_style = {
"bg": Color( 0.117647, 0.117647, 0.117647, 1 ),
"border": Color( 1, 0, 0.352941, 1 ),
"bscale": Vector2( 1, 1 ),
"scale": Vector2( 0.96, 0.96 ),
"speed": 20,
"txt": Color( 1, 1, 1, 1 )
}
selected_style = {
"bg": Color( 0, 0, 0, 1 ),
"border": Color( 0, 0, 0, 1 ),
"bscale": Vector2( 1, 1 ),
"scale": Vector2( 1, 1 ),
"speed": 5,
"txt": Color( 1, 1, 1, 1 )
}
disabled_style = {
"bg": Color( 0.741176, 0.741176, 0.741176, 1 ),
"border": Color( 1, 1, 1, 0.196078 ),
"bscale": Vector2( 1, 1 ),
"scale": Vector2( 0.8, 0.8 ),
"speed": 10,
"txt": Color( 0.305882, 0.305882, 0.305882, 1 )
}

[node name="_0" type="Node2D" parent="main/edit/player/p0"]
position = Vector2( 126.244, 0 )

[node name="_1" type="Node2D" parent="main/edit/player/p0"]
position = Vector2( 63.1218, 109.33 )

[node name="_2" type="Node2D" parent="main/edit/player/p0"]
position = Vector2( -63.1218, 109.33 )

[node name="_3" type="Node2D" parent="main/edit/player/p0"]
position = Vector2( -126.244, 1.54604e-14 )

[node name="color" parent="main/edit/player/p0" instance=ExtResource( 2 )]
position = Vector2( -50.1314, -86.8301 )
radius = 40.0
_text = "0"
regenerate = true
selectable = false
reactive = false
start_style = {
"bg": Color( 1, 1, 1, 1 ),
"border": Color( 1, 1, 1, 1 ),
"bscale": Vector2( 0, 0 ),
"scale": Vector2( 0.2, 0.2 ),
"speed": 14,
"txt": Color( 0, 0, 0, 0 )
}
normal_style = {
"bg": Color( 1, 1, 1, 0.9 ),
"border": Color( 1, 1, 1, 0 ),
"bscale": Vector2( 1, 1 ),
"scale": Vector2( 1, 1 ),
"speed": 10,
"txt": Color( 0, 0, 0, 1 )
}
hover_style = {
"bg": Color( 0.117647, 0.117647, 0.117647, 1 ),
"border": Color( 1, 0, 0.352941, 1 ),
"bscale": Vector2( 1, 1 ),
"scale": Vector2( 0.96, 0.96 ),
"speed": 20,
"txt": Color( 1, 1, 1, 1 )
}
selected_style = {
"bg": Color( 0, 0, 0, 1 ),
"border": Color( 0, 0, 0, 1 ),
"bscale": Vector2( 1, 1 ),
"scale": Vector2( 1, 1 ),
"speed": 5,
"txt": Color( 1, 1, 1, 1 )
}
disabled_style = {
"bg": Color( 0.741176, 0.741176, 0.741176, 1 ),
"border": Color( 1, 1, 1, 0.196078 ),
"bscale": Vector2( 1, 1 ),
"scale": Vector2( 0.8, 0.8 ),
"speed": 10,
"txt": Color( 0.305882, 0.305882, 0.305882, 1 )
}

[node name="p1" parent="main/edit/player" instance=ExtResource( 2 )]
editor/display_folded = true
visible = false
position = Vector2( 63.1218, -109.33 )
_text = "P1"
submenu_visible = true
start_style = {
"bg": Color( 1, 1, 1, 1 ),
"border": Color( 1, 1, 1, 1 ),
"bscale": Vector2( 0, 0 ),
"scale": Vector2( 0.2, 0.2 ),
"speed": 14,
"txt": Color( 0, 0, 0, 0 )
}
normal_style = {
"bg": Color( 1, 1, 1, 1 ),
"border": Color( 1, 1, 1, 0.470588 ),
"bscale": Vector2( 1, 1 ),
"scale": Vector2( 0.9, 0.9 ),
"speed": 10,
"txt": Color( 0, 0, 0, 1 )
}
hover_style = {
"bg": Color( 0.117647, 0.117647, 0.117647, 1 ),
"border": Color( 1, 0, 0.352941, 1 ),
"bscale": Vector2( 1, 1 ),
"scale": Vector2( 0.96, 0.96 ),
"speed": 20,
"txt": Color( 1, 1, 1, 1 )
}
selected_style = {
"bg": Color( 0, 0, 0, 1 ),
"border": Color( 0, 0, 0, 1 ),
"bscale": Vector2( 1, 1 ),
"scale": Vector2( 1, 1 ),
"speed": 5,
"txt": Color( 1, 1, 1, 1 )
}
disabled_style = {
"bg": Color( 0.741176, 0.741176, 0.741176, 1 ),
"border": Color( 1, 1, 1, 0.196078 ),
"bscale": Vector2( 1, 1 ),
"scale": Vector2( 0.8, 0.8 ),
"speed": 10,
"txt": Color( 0.305882, 0.305882, 0.305882, 1 )
}

[node name="_0" type="Node2D" parent="main/edit/player/p1"]
position = Vector2( 126.244, 0 )

[node name="_1" type="Node2D" parent="main/edit/player/p1"]
position = Vector2( 63.1218, 109.33 )

[node name="_2" type="Node2D" parent="main/edit/player/p1"]
position = Vector2( -63.1218, 109.33 )

[node name="_3" type="Node2D" parent="main/edit/player/p1"]
position = Vector2( -126.244, 1.54604e-14 )

[node name="_4" type="Node2D" parent="main/edit/player/p1"]
position = Vector2( -63.1218, -109.33 )

[node name="color" parent="main/edit/player/p1" instance=ExtResource( 2 )]
position = Vector2( 50.1314, -86.8301 )
radius = 40.0
_text = "0"
regenerate = true
selectable = false
reactive = false
start_style = {
"bg": Color( 1, 1, 1, 1 ),
"border": Color( 1, 1, 1, 1 ),
"bscale": Vector2( 0, 0 ),
"scale": Vector2( 0.2, 0.2 ),
"speed": 14,
"txt": Color( 0, 0, 0, 0 )
}
normal_style = {
"bg": Color( 1, 1, 1, 0.9 ),
"border": Color( 1, 1, 1, 0 ),
"bscale": Vector2( 1, 1 ),
"scale": Vector2( 1, 1 ),
"speed": 10,
"txt": Color( 0, 0, 0, 1 )
}
hover_style = {
"bg": Color( 0.117647, 0.117647, 0.117647, 1 ),
"border": Color( 1, 0, 0.352941, 1 ),
"bscale": Vector2( 1, 1 ),
"scale": Vector2( 0.96, 0.96 ),
"speed": 20,
"txt": Color( 1, 1, 1, 1 )
}
selected_style = {
"bg": Color( 0, 0, 0, 1 ),
"border": Color( 0, 0, 0, 1 ),
"bscale": Vector2( 1, 1 ),
"scale": Vector2( 1, 1 ),
"speed": 5,
"txt": Color( 1, 1, 1, 1 )
}
disabled_style = {
"bg": Color( 0.741176, 0.741176, 0.741176, 1 ),
"border": Color( 1, 1, 1, 0.196078 ),
"bscale": Vector2( 1, 1 ),
"scale": Vector2( 0.8, 0.8 ),
"speed": 10,
"txt": Color( 0.305882, 0.305882, 0.305882, 1 )
}

[node name="conf" parent="main" instance=ExtResource( 2 )]
visible = false
position = Vector2( -189.365, -109.33 )
_text = "CONF"
start_style = {
"bg": Color( 1, 1, 1, 1 ),
"border": Color( 1, 1, 1, 1 ),
"bscale": Vector2( 0, 0 ),
"scale": Vector2( 0.2, 0.2 ),
"speed": 14,
"txt": Color( 0, 0, 0, 0 )
}
normal_style = {
"bg": Color( 1, 1, 1, 1 ),
"border": Color( 1, 1, 1, 0.470588 ),
"bscale": Vector2( 1, 1 ),
"scale": Vector2( 0.9, 0.9 ),
"speed": 10,
"txt": Color( 0, 0, 0, 1 )
}
hover_style = {
"bg": Color( 0.117647, 0.117647, 0.117647, 1 ),
"border": Color( 1, 0, 0.352941, 1 ),
"bscale": Vector2( 1, 1 ),
"scale": Vector2( 0.96, 0.96 ),
"speed": 20,
"txt": Color( 1, 1, 1, 1 )
}
selected_style = {
"bg": Color( 0, 0, 0, 1 ),
"border": Color( 0, 0, 0, 1 ),
"bscale": Vector2( 1, 1 ),
"scale": Vector2( 1, 1 ),
"speed": 5,
"txt": Color( 1, 1, 1, 1 )
}
disabled_style = {
"bg": Color( 0.741176, 0.741176, 0.741176, 1 ),
"border": Color( 1, 1, 1, 0.196078 ),
"bscale": Vector2( 1, 1 ),
"scale": Vector2( 0.8, 0.8 ),
"speed": 10,
"txt": Color( 0.305882, 0.305882, 0.305882, 1 )
}

[node name="_0" type="Node2D" parent="main/conf"]
visible = false
position = Vector2( 126.244, 0 )

[node name="_1" type="Node2D" parent="main/conf"]
visible = false
position = Vector2( 63.1218, 109.33 )

[node name="_2" type="Node2D" parent="main/conf"]
visible = false
position = Vector2( -63.1218, 109.33 )

[node name="_3" type="Node2D" parent="main/conf"]
visible = false
position = Vector2( -63.1218, 109.33 )

[node name="save" parent="main/conf" instance=ExtResource( 2 )]
visible = false
position = Vector2( -63.1218, -109.33 )
_text = "SAVE"
selectable = false
start_style = {
"bg": Color( 1, 1, 1, 1 ),
"border": Color( 1, 1, 1, 1 ),
"bscale": Vector2( 0, 0 ),
"scale": Vector2( 0.2, 0.2 ),
"speed": 14,
"txt": Color( 0, 0, 0, 0 )
}
normal_style = {
"bg": Color( 1, 1, 1, 1 ),
"border": Color( 1, 1, 1, 0.470588 ),
"bscale": Vector2( 1, 1 ),
"scale": Vector2( 0.9, 0.9 ),
"speed": 10,
"txt": Color( 0, 0, 0, 1 )
}
hover_style = {
"bg": Color( 0.117647, 0.117647, 0.117647, 1 ),
"border": Color( 1, 0, 0.352941, 1 ),
"bscale": Vector2( 1, 1 ),
"scale": Vector2( 0.96, 0.96 ),
"speed": 20,
"txt": Color( 1, 1, 1, 1 )
}
selected_style = {
"bg": Color( 0, 0, 0, 1 ),
"border": Color( 0, 0, 0, 1 ),
"bscale": Vector2( 1, 1 ),
"scale": Vector2( 1, 1 ),
"speed": 5,
"txt": Color( 1, 1, 1, 1 )
}
disabled_style = {
"bg": Color( 0.741176, 0.741176, 0.741176, 1 ),
"border": Color( 1, 1, 1, 0.196078 ),
"bscale": Vector2( 1, 1 ),
"scale": Vector2( 0.8, 0.8 ),
"speed": 10,
"txt": Color( 0.305882, 0.305882, 0.305882, 1 )
}

[node name="reset" parent="main/conf" instance=ExtResource( 2 )]
visible = false
position = Vector2( -63.1218, -109.33 )
_text = "RESET"
selectable = false
start_style = {
"bg": Color( 1, 1, 1, 1 ),
"border": Color( 1, 1, 1, 1 ),
"bscale": Vector2( 0, 0 ),
"scale": Vector2( 0.2, 0.2 ),
"speed": 14,
"txt": Color( 0, 0, 0, 0 )
}
normal_style = {
"bg": Color( 1, 1, 1, 1 ),
"border": Color( 1, 1, 1, 0.470588 ),
"bscale": Vector2( 1, 1 ),
"scale": Vector2( 0.9, 0.9 ),
"speed": 10,
"txt": Color( 0, 0, 0, 1 )
}
hover_style = {
"bg": Color( 0.117647, 0.117647, 0.117647, 1 ),
"border": Color( 1, 0, 0.352941, 1 ),
"bscale": Vector2( 1, 1 ),
"scale": Vector2( 0.96, 0.96 ),
"speed": 20,
"txt": Color( 1, 1, 1, 1 )
}
selected_style = {
"bg": Color( 0, 0, 0, 1 ),
"border": Color( 0, 0, 0, 1 ),
"bscale": Vector2( 1, 1 ),
"scale": Vector2( 1, 1 ),
"speed": 5,
"txt": Color( 1, 1, 1, 1 )
}
disabled_style = {
"bg": Color( 0.741176, 0.741176, 0.741176, 1 ),
"border": Color( 1, 1, 1, 0.196078 ),
"bscale": Vector2( 1, 1 ),
"scale": Vector2( 0.8, 0.8 ),
"speed": 10,
"txt": Color( 0.305882, 0.305882, 0.305882, 1 )
}

[node name="notice" type="Node2D" parent="."]
position = Vector2( 20, 619 )

[node name="name" type="Label" parent="notice"]
margin_right = 230.0
margin_bottom = 12.0
theme = SubResource( 2 )
custom_colors/font_color = Color( 0.486275, 0.486275, 0.486275, 1 )
text = "Ormer"

[node name="version" type="Label" parent="notice"]
margin_top = 19.0
margin_right = 208.0
margin_bottom = 31.0
theme = SubResource( 4 )
custom_colors/font_color = Color( 0.486275, 0.486275, 0.486275, 1 )
text = "development build"

[node name="author" type="Label" parent="notice"]
margin_top = 35.0
margin_right = 208.0
margin_bottom = 47.0
theme = SubResource( 4 )
custom_colors/font_color = Color( 0.486275, 0.486275, 0.486275, 1 )
text = "by polymorph.cool"
